%YAML 1.1
%TAG !u! tag:unity3d.com,2011:
--- !u!241 &24100000
AudioMixerController:
  m_ObjectHideFlags: 0
  m_PrefabParentObject: {fileID: 0}
  m_PrefabInternal: {fileID: 0}
  m_Name: Master
  m_OutputGroup: {fileID: 0}
  m_MasterGroup: {fileID: 24300001}
  m_Snapshots:
  - {fileID: 24551516}
  - {fileID: 24537712}
  m_StartSnapshot: {fileID: 24551516}
  m_SuspendThreshold: -80
  m_EnableSuspend: 1
  m_UpdateMode: 0
  m_ExposedParameters:
  - guid: d4e29c0e069c9c648bc202f3027ae9aa
    name: AmbientVolume
  - guid: bfac67f86e4415740846da1cb472bf5d
    name: BackgroundMusicVolume
  - guid: b97597c542afbd340951c557a7749e8c
    name: MasterVolume
  - guid: 56ff5c77d9110594bb89b88d4a546d51
    name: MenuVolume
  - guid: 58e241ec61b152f499f7a39d577a1f8d
    name: SoundFXVolume
  - guid: 4b32d1e62f609f04eb69e550f449543b
    name: VoicesVolume
  m_AudioMixerGroupViews:
  - guids:
    - e62377b319f70f44e8242af65525f4e4
    - d6d478ac766254b4cac896f2d345bf9f
    - 6b2df79f1a3977c4fb885fed0daf6899
    - 975d25e4b1ce06b499aa8f3395b9050b
    - 019d2b674b8fec345bcfba29a2e20d12
    - 27440a04dcc1e11499c604a536f47375
    name: View
  m_CurrentViewIndex: 0
  m_TargetSnapshot: {fileID: 24551516}
--- !u!243 &24300001
AudioMixerGroupController:
  m_ObjectHideFlags: 0
  m_PrefabParentObject: {fileID: 0}
  m_PrefabInternal: {fileID: 0}
  m_Name: Master
  m_AudioMixer: {fileID: 24100000}
  m_GroupID: e62377b319f70f44e8242af65525f4e4
  m_Children:
  - {fileID: 243343376618049424}
  - {fileID: 243478407999403116}
  - {fileID: 243836751454843416}
  - {fileID: 243296007453852724}
  - {fileID: 243121727341490494}
  m_Volume: b97597c542afbd340951c557a7749e8c
  m_Pitch: 04cdaab5b08267a40899505a08fc9374
  m_Effects:
  - {fileID: 24400002}
  - {fileID: 24408072}
  m_UserColorIndex: 0
  m_Mute: 0
  m_Solo: 0
  m_BypassEffects: 0
--- !u!244 &24400002
AudioMixerEffectController:
  m_ObjectHideFlags: 3
  m_PrefabParentObject: {fileID: 0}
  m_PrefabInternal: {fileID: 0}
  m_Name: 
  m_EffectID: 079bcd2d9589a1343b99c57f64cc8a38
  m_EffectName: Attenuation
  m_MixLevel: 6bb8f1470195f5c48a52ed98af25bf13
  m_Parameters: []
  m_SendTarget: {fileID: 0}
  m_EnableWetMix: 0
  m_Bypass: 0
--- !u!244 &24408072
AudioMixerEffectController:
  m_ObjectHideFlags: 3
  m_PrefabParentObject: {fileID: 0}
  m_PrefabInternal: {fileID: 0}
  m_Name: 
  m_EffectID: c9b6596c58f043d479f3e09b828b8933
  m_EffectName: Duck Volume
  m_MixLevel: c4da8e194ea2068419c70437331ed36c
  m_Parameters:
  - m_ParameterName: Threshold
    m_GUID: f547a1937cbf4814c9401e0fc706bba7
  - m_ParameterName: Ratio
    m_GUID: 6761a747f4803214b959348959bab505
  - m_ParameterName: Attack Time
    m_GUID: 4ae3e1472e1e0cf438932ac343354bc2
  - m_ParameterName: Release Time
    m_GUID: d912649783b7ccd49967903be0382e85
  - m_ParameterName: Make-up Gain
    m_GUID: c7025fb339c8f1743939e48e64500a81
  - m_ParameterName: Knee
    m_GUID: f88d003c017805646ab539a87a56cf96
  - m_ParameterName: Sidechain Mix
    m_GUID: 093d36ef96c36f34593a7ba49f76f500
  m_SendTarget: {fileID: 0}
  m_EnableWetMix: 0
  m_Bypass: 0
--- !u!245 &24537712
AudioMixerSnapshotController:
  m_ObjectHideFlags: 0
  m_PrefabParentObject: {fileID: 0}
  m_PrefabInternal: {fileID: 0}
  m_Name: Silent
  m_AudioMixer: {fileID: 24100000}
  m_SnapshotID: 482a698993895024799ee061211ab331
  m_FloatValues:
    94f877d26941f8846b17dc8a09c18957: 0
    2ab86b63b96a42a4e8999ccb5bd81459: 0
    f6b791a5a3ecef641bc80ac043d210b5: 0
    b97597c542afbd340951c557a7749e8c: -0.002441872
    03dd7e97334beda45832e67a3c7f9a42: 0
    bfac67f86e4415740846da1cb472bf5d: -80
    82c1d4ce53b3619478fc8afec6a2be83: 0
  m_TransitionOverrides: {}
--- !u!245 &24551516
AudioMixerSnapshotController:
  m_ObjectHideFlags: 0
  m_PrefabParentObject: {fileID: 0}
  m_PrefabInternal: {fileID: 0}
  m_Name: Normal
  m_AudioMixer: {fileID: 24100000}
  m_SnapshotID: a70fa07bb4203d443b211f61f379690d
  m_FloatValues:
    94f877d26941f8846b17dc8a09c18957: 0
    2ab86b63b96a42a4e8999ccb5bd81459: 0
    f6b791a5a3ecef641bc80ac043d210b5: 0
    b97597c542afbd340951c557a7749e8c: 0.025578514
    4b32d1e62f609f04eb69e550f449543b: 0.10800299
    56ff5c77d9110594bb89b88d4a546d51: 0.23288241
    03dd7e97334beda45832e67a3c7f9a42: 0
    bfac67f86e4415740846da1cb472bf5d: -0.0024418756
    58e241ec61b152f499f7a39d577a1f8d: -0.002441872
    d4e29c0e069c9c648bc202f3027ae9aa: 0.025578512
    b9ceb79e012b7e440a9ecfdd63b9df39: 1
    82c1d4ce53b3619478fc8afec6a2be83: 0
  m_TransitionOverrides: {}
--- !u!243 &243121727341490494
AudioMixerGroupController:
  m_ObjectHideFlags: 0
  m_PrefabParentObject: {fileID: 0}
  m_PrefabInternal: {fileID: 0}
  m_Name: Voices
  m_AudioMixer: {fileID: 24100000}
  m_GroupID: 019d2b674b8fec345bcfba29a2e20d12
  m_Children: []
  m_Volume: 4b32d1e62f609f04eb69e550f449543b
  m_Pitch: 3c061331101e4e7479ba0a725709a791
  m_Effects:
  - {fileID: 244500824217502896}
  m_UserColorIndex: 0
  m_Mute: 0
  m_Solo: 0
  m_BypassEffects: 0
--- !u!243 &243296007453852724
AudioMixerGroupController:
  m_ObjectHideFlags: 0
  m_PrefabParentObject: {fileID: 0}
  m_PrefabInternal: {fileID: 0}
  m_Name: Sound FX
  m_AudioMixer: {fileID: 24100000}
  m_GroupID: 975d25e4b1ce06b499aa8f3395b9050b
  m_Children: []
  m_Volume: 58e241ec61b152f499f7a39d577a1f8d
  m_Pitch: b9ceb79e012b7e440a9ecfdd63b9df39
  m_Effects:
  - {fileID: 244341803370005972}
  m_UserColorIndex: 0
  m_Mute: 0
  m_Solo: 0
  m_BypassEffects: 0
--- !u!243 &243343376618049424
AudioMixerGroupController:
  m_ObjectHideFlags: 0
  m_PrefabParentObject: {fileID: 0}
  m_PrefabInternal: {fileID: 0}
  m_Name: Ambient
  m_AudioMixer: {fileID: 24100000}
  m_GroupID: d6d478ac766254b4cac896f2d345bf9f
  m_Children: []
  m_Volume: d4e29c0e069c9c648bc202f3027ae9aa
  m_Pitch: 94a9595fe230dc446bdc1c3ee43357b8
  m_Effects:
  - {fileID: 244729178556345148}
  m_UserColorIndex: 0
  m_Mute: 0
  m_Solo: 0
  m_BypassEffects: 0
--- !u!243 &243478407999403116
AudioMixerGroupController:
  m_ObjectHideFlags: 0
  m_PrefabParentObject: {fileID: 0}
  m_PrefabInternal: {fileID: 0}
  m_Name: Background Music
  m_AudioMixer: {fileID: 24100000}
  m_GroupID: 6b2df79f1a3977c4fb885fed0daf6899
  m_Children: []
  m_Volume: bfac67f86e4415740846da1cb472bf5d
  m_Pitch: e484f6896a4a9b541869505f39a3ab55
  m_Effects:
  - {fileID: 244041162294263130}
  m_UserColorIndex: 0
  m_Mute: 0
  m_Solo: 0
  m_BypassEffects: 0
--- !u!243 &243836751454843416
AudioMixerGroupController:
  m_ObjectHideFlags: 0
  m_PrefabParentObject: {fileID: 0}
  m_PrefabInternal: {fileID: 0}
  m_Name: Menu
  m_AudioMixer: {fileID: 24100000}
  m_GroupID: 27440a04dcc1e11499c604a536f47375
  m_Children: []
  m_Volume: 56ff5c77d9110594bb89b88d4a546d51
  m_Pitch: c1dbdd6e931e52a409f4aa9941acecc5
  m_Effects:
  - {fileID: 244187313982352510}
  m_UserColorIndex: 0
  m_Mute: 0
  m_Solo: 0
  m_BypassEffects: 0
--- !u!244 &244041162294263130
AudioMixerEffectController:
  m_ObjectHideFlags: 3
  m_PrefabParentObject: {fileID: 0}
  m_PrefabInternal: {fileID: 0}
  m_Name: 
  m_EffectID: 73d5b25ef892c1e41b83d18570cf4f33
  m_EffectName: Attenuation
  m_MixLevel: a310d41f15989cc4b826ed821570da98
  m_Parameters: []
  m_SendTarget: {fileID: 0}
  m_EnableWetMix: 0
  m_Bypass: 0
--- !u!244 &244187313982352510
AudioMixerEffectController:
  m_ObjectHideFlags: 3
  m_PrefabParentObject: {fileID: 0}
  m_PrefabInternal: {fileID: 0}
  m_Name: 
  m_EffectID: 0874565a6b0cb0e4f9b7eee852df0f41
  m_EffectName: Attenuation
  m_MixLevel: 7205a51cc4e77984eab59d2aea1fb9bf
  m_Parameters: []
  m_SendTarget: {fileID: 0}
  m_EnableWetMix: 0
  m_Bypass: 0
--- !u!244 &244341803370005972
AudioMixerEffectController:
  m_ObjectHideFlags: 3
  m_PrefabParentObject: {fileID: 0}
  m_PrefabInternal: {fileID: 0}
  m_Name: 
  m_EffectID: ba8a063514ce6674d8d5254cbd16018d
  m_EffectName: Attenuation
  m_MixLevel: bce35bc50409d744893c62dfaee7b30a
  m_Parameters: []
  m_SendTarget: {fileID: 0}
  m_EnableWetMix: 0
  m_Bypass: 0
--- !u!244 &244500824217502896
AudioMixerEffectController:
  m_ObjectHideFlags: 3
  m_PrefabParentObject: {fileID: 0}
  m_PrefabInternal: {fileID: 0}
  m_Name: 
  m_EffectID: dd2deac6fa34cca459f995eec27e9943
  m_EffectName: Attenuation
  m_MixLevel: e92c246e649d5ed48a1bdac3cf51870b
  m_Parameters: []
  m_SendTarget: {fileID: 0}
  m_EnableWetMix: 0
  m_Bypass: 0
--- !u!244 &244729178556345148
AudioMixerEffectController:
  m_ObjectHideFlags: 3
  m_PrefabParentObject: {fileID: 0}
  m_PrefabInternal: {fileID: 0}
  m_Name: 
  m_EffectID: b229024266823034281733dfb26c7d55
  m_EffectName: Attenuation
  m_MixLevel: 44b495d4d62b6da4abf4402719940185
  m_Parameters: []
  m_SendTarget: {fileID: 0}
  m_EnableWetMix: 0
  m_Bypass: 0
