%YAML 1.1
%TAG !u! tag:unity3d.com,2011:
--- !u!1001 &100100000
Prefab:
  m_ObjectHideFlags: 1
  serializedVersion: 2
  m_Modification:
    m_TransformParent: {fileID: 0}
    m_Modifications: []
    m_RemovedComponents: []
  m_ParentPrefab: {fileID: 0}
  m_RootGameObject: {fileID: 1685493538196436}
  m_IsPrefabParent: 1
--- !u!1 &1003366374616462
GameObject:
  m_ObjectHideFlags: 1
  m_PrefabParentObject: {fileID: 0}
  m_PrefabInternal: {fileID: 100100000}
  serializedVersion: 5
  m_Component:
  - component: {fileID: 4017435656957274}
  m_Layer: 0
  m_Name: RightHandIndex4
  m_TagString: Untagged
  m_Icon: {fileID: 0}
  m_NavMeshLayer: 0
  m_StaticEditorFlags: 0
  m_IsActive: 1
--- !u!1 &1020191451079710
GameObject:
  m_ObjectHideFlags: 1
  m_PrefabParentObject: {fileID: 0}
  m_PrefabInternal: {fileID: 100100000}
  serializedVersion: 5
  m_Component:
  - component: {fileID: 4660739442718370}
  m_Layer: 0
  m_Name: LeftHandThumb2
  m_TagString: Untagged
  m_Icon: {fileID: 0}
  m_NavMeshLayer: 0
  m_StaticEditorFlags: 0
  m_IsActive: 1
--- !u!1 &1039891756644026
GameObject:
  m_ObjectHideFlags: 1
  m_PrefabParentObject: {fileID: 0}
  m_PrefabInternal: {fileID: 100100000}
  serializedVersion: 5
  m_Component:
  - component: {fileID: 4001558065529508}
  m_Layer: 0
  m_Name: RightToeBase
  m_TagString: Untagged
  m_Icon: {fileID: 0}
  m_NavMeshLayer: 0
  m_StaticEditorFlags: 0
  m_IsActive: 1
--- !u!1 &1088796220190464
GameObject:
  m_ObjectHideFlags: 1
  m_PrefabParentObject: {fileID: 0}
  m_PrefabInternal: {fileID: 100100000}
  serializedVersion: 5
  m_Component:
  - component: {fileID: 4239704317791582}
  m_Layer: 0
  m_Name: RightHandMiddle2
  m_TagString: Untagged
  m_Icon: {fileID: 0}
  m_NavMeshLayer: 0
  m_StaticEditorFlags: 0
  m_IsActive: 1
--- !u!1 &1090381190962398
GameObject:
  m_ObjectHideFlags: 1
  m_PrefabParentObject: {fileID: 0}
  m_PrefabInternal: {fileID: 100100000}
  serializedVersion: 5
  m_Component:
  - component: {fileID: 4617401053531088}
  m_Layer: 0
  m_Name: HeadTop_End
  m_TagString: Untagged
  m_Icon: {fileID: 0}
  m_NavMeshLayer: 0
  m_StaticEditorFlags: 0
  m_IsActive: 1
--- !u!1 &1093901240222668
GameObject:
  m_ObjectHideFlags: 1
  m_PrefabParentObject: {fileID: 0}
  m_PrefabInternal: {fileID: 100100000}
  serializedVersion: 5
  m_Component:
  - component: {fileID: 4175856739876598}
  m_Layer: 0
  m_Name: LeftHandRing4
  m_TagString: Untagged
  m_Icon: {fileID: 0}
  m_NavMeshLayer: 0
  m_StaticEditorFlags: 0
  m_IsActive: 1
--- !u!1 &1104562507816574
GameObject:
  m_ObjectHideFlags: 1
  m_PrefabParentObject: {fileID: 0}
  m_PrefabInternal: {fileID: 100100000}
  serializedVersion: 5
  m_Component:
  - component: {fileID: 4405152146193912}
  - component: {fileID: 54644281618886810}
  - component: {fileID: 144831314458386312}
  - component: {fileID: 136129577699630846}
  - component: {fileID: 114380788054684950}
  m_Layer: 0
  m_Name: LeftLeg
  m_TagString: Untagged
  m_Icon: {fileID: 0}
  m_NavMeshLayer: 0
  m_StaticEditorFlags: 0
  m_IsActive: 1
--- !u!1 &1108552308303352
GameObject:
  m_ObjectHideFlags: 1
  m_PrefabParentObject: {fileID: 0}
  m_PrefabInternal: {fileID: 100100000}
  serializedVersion: 5
  m_Component:
  - component: {fileID: 4137447094852230}
  m_Layer: 0
  m_Name: LeftHandPinky1
  m_TagString: Untagged
  m_Icon: {fileID: 0}
  m_NavMeshLayer: 0
  m_StaticEditorFlags: 0
  m_IsActive: 1
--- !u!1 &1109423871755700
GameObject:
  m_ObjectHideFlags: 1
  m_PrefabParentObject: {fileID: 0}
  m_PrefabInternal: {fileID: 100100000}
  serializedVersion: 5
  m_Component:
  - component: {fileID: 4254696831195634}
  m_Layer: 0
  m_Name: RightHandMiddle3
  m_TagString: Untagged
  m_Icon: {fileID: 0}
  m_NavMeshLayer: 0
  m_StaticEditorFlags: 0
  m_IsActive: 1
--- !u!1 &1112054255692592
GameObject:
  m_ObjectHideFlags: 1
  m_PrefabParentObject: {fileID: 0}
  m_PrefabInternal: {fileID: 100100000}
  serializedVersion: 5
  m_Component:
  - component: {fileID: 4838411009092582}
  m_Layer: 0
  m_Name: RightHandMiddle1
  m_TagString: Untagged
  m_Icon: {fileID: 0}
  m_NavMeshLayer: 0
  m_StaticEditorFlags: 0
  m_IsActive: 1
--- !u!1 &1129177307094940
GameObject:
  m_ObjectHideFlags: 1
  m_PrefabParentObject: {fileID: 0}
  m_PrefabInternal: {fileID: 100100000}
  serializedVersion: 5
  m_Component:
  - component: {fileID: 4534573766462884}
  m_Layer: 0
  m_Name: LeftHandIndex2
  m_TagString: Untagged
  m_Icon: {fileID: 0}
  m_NavMeshLayer: 0
  m_StaticEditorFlags: 0
  m_IsActive: 1
--- !u!1 &1145094286709796
GameObject:
  m_ObjectHideFlags: 1
  m_PrefabParentObject: {fileID: 0}
  m_PrefabInternal: {fileID: 100100000}
  serializedVersion: 5
  m_Component:
  - component: {fileID: 4151998268991564}
  m_Layer: 0
  m_Name: RightHand
  m_TagString: Untagged
  m_Icon: {fileID: 0}
  m_NavMeshLayer: 0
  m_StaticEditorFlags: 0
  m_IsActive: 1
--- !u!1 &1155389064754792
GameObject:
  m_ObjectHideFlags: 1
  m_PrefabParentObject: {fileID: 0}
  m_PrefabInternal: {fileID: 100100000}
  serializedVersion: 5
  m_Component:
  - component: {fileID: 4328195518778884}
  m_Layer: 0
  m_Name: LeftHandThumb3
  m_TagString: Untagged
  m_Icon: {fileID: 0}
  m_NavMeshLayer: 0
  m_StaticEditorFlags: 0
  m_IsActive: 1
--- !u!1 &1155838438127400
GameObject:
  m_ObjectHideFlags: 1
  m_PrefabParentObject: {fileID: 0}
  m_PrefabInternal: {fileID: 100100000}
  serializedVersion: 5
  m_Component:
  - component: {fileID: 4910881669846158}
  m_Layer: 0
  m_Name: RightHandPinky3
  m_TagString: Untagged
  m_Icon: {fileID: 0}
  m_NavMeshLayer: 0
  m_StaticEditorFlags: 0
  m_IsActive: 1
--- !u!1 &1183500148277086
GameObject:
  m_ObjectHideFlags: 1
  m_PrefabParentObject: {fileID: 0}
  m_PrefabInternal: {fileID: 100100000}
  serializedVersion: 5
  m_Component:
  - component: {fileID: 4304611240836872}
  m_Layer: 0
  m_Name: RightHandThumb1
  m_TagString: Untagged
  m_Icon: {fileID: 0}
  m_NavMeshLayer: 0
  m_StaticEditorFlags: 0
  m_IsActive: 1
--- !u!1 &1202411245156026
GameObject:
  m_ObjectHideFlags: 1
  m_PrefabParentObject: {fileID: 0}
  m_PrefabInternal: {fileID: 100100000}
  serializedVersion: 5
  m_Component:
  - component: {fileID: 4653256669599134}
  m_Layer: 0
  m_Name: RightHandThumb3
  m_TagString: Untagged
  m_Icon: {fileID: 0}
  m_NavMeshLayer: 0
  m_StaticEditorFlags: 0
  m_IsActive: 1
--- !u!1 &1226964034449202
GameObject:
  m_ObjectHideFlags: 1
  m_PrefabParentObject: {fileID: 0}
  m_PrefabInternal: {fileID: 100100000}
  serializedVersion: 5
  m_Component:
  - component: {fileID: 4106348188734412}
  m_Layer: 0
  m_Name: RightHandRing2
  m_TagString: Untagged
  m_Icon: {fileID: 0}
  m_NavMeshLayer: 0
  m_StaticEditorFlags: 0
  m_IsActive: 1
--- !u!1 &1241310263485004
GameObject:
  m_ObjectHideFlags: 1
  m_PrefabParentObject: {fileID: 0}
  m_PrefabInternal: {fileID: 100100000}
  serializedVersion: 5
  m_Component:
  - component: {fileID: 4061876348499042}
  m_Layer: 0
  m_Name: RightHandPinky2
  m_TagString: Untagged
  m_Icon: {fileID: 0}
  m_NavMeshLayer: 0
  m_StaticEditorFlags: 0
  m_IsActive: 1
--- !u!1 &1269205816898580
GameObject:
  m_ObjectHideFlags: 1
  m_PrefabParentObject: {fileID: 0}
  m_PrefabInternal: {fileID: 100100000}
  serializedVersion: 5
  m_Component:
  - component: {fileID: 4088719029574394}
  m_Layer: 0
  m_Name: RightToe_End
  m_TagString: Untagged
  m_Icon: {fileID: 0}
  m_NavMeshLayer: 0
  m_StaticEditorFlags: 0
  m_IsActive: 1
--- !u!1 &1274373336701992
GameObject:
  m_ObjectHideFlags: 1
  m_PrefabParentObject: {fileID: 0}
  m_PrefabInternal: {fileID: 100100000}
  serializedVersion: 5
  m_Component:
  - component: {fileID: 4556865937681378}
  m_Layer: 0
  m_Name: LeftHand
  m_TagString: Untagged
  m_Icon: {fileID: 0}
  m_NavMeshLayer: 0
  m_StaticEditorFlags: 0
  m_IsActive: 1
--- !u!1 &1283104989783898
GameObject:
  m_ObjectHideFlags: 1
  m_PrefabParentObject: {fileID: 0}
  m_PrefabInternal: {fileID: 100100000}
  serializedVersion: 5
  m_Component:
  - component: {fileID: 4395264615262582}
  - component: {fileID: 54463840706478492}
  - component: {fileID: 144112612168143262}
  - component: {fileID: 136480151466835212}
  - component: {fileID: 114126151474646882}
  m_Layer: 0
  m_Name: LeftForeArm
  m_TagString: Untagged
  m_Icon: {fileID: 0}
  m_NavMeshLayer: 0
  m_StaticEditorFlags: 0
  m_IsActive: 1
--- !u!1 &1291822190224466
GameObject:
  m_ObjectHideFlags: 1
  m_PrefabParentObject: {fileID: 0}
  m_PrefabInternal: {fileID: 100100000}
  serializedVersion: 5
  m_Component:
  - component: {fileID: 4791522570049292}
  m_Layer: 0
  m_Name: LeftHandRing1
  m_TagString: Untagged
  m_Icon: {fileID: 0}
  m_NavMeshLayer: 0
  m_StaticEditorFlags: 0
  m_IsActive: 1
--- !u!1 &1333844056125566
GameObject:
  m_ObjectHideFlags: 1
  m_PrefabParentObject: {fileID: 0}
  m_PrefabInternal: {fileID: 100100000}
  serializedVersion: 5
  m_Component:
  - component: {fileID: 4497195035077708}
  - component: {fileID: 54967468593020988}
  - component: {fileID: 144921846355480940}
  - component: {fileID: 136755301703635866}
  - component: {fileID: 114741207998510260}
  m_Layer: 0
  m_Name: RightForeArm
  m_TagString: Untagged
  m_Icon: {fileID: 0}
  m_NavMeshLayer: 0
  m_StaticEditorFlags: 0
  m_IsActive: 1
--- !u!1 &1342640550816482
GameObject:
  m_ObjectHideFlags: 1
  m_PrefabParentObject: {fileID: 0}
  m_PrefabInternal: {fileID: 100100000}
  serializedVersion: 5
  m_Component:
  - component: {fileID: 4534207462297836}
  m_Layer: 0
  m_Name: LeftHandMiddle2
  m_TagString: Untagged
  m_Icon: {fileID: 0}
  m_NavMeshLayer: 0
  m_StaticEditorFlags: 0
  m_IsActive: 1
--- !u!1 &1359550082422914
GameObject:
  m_ObjectHideFlags: 1
  m_PrefabParentObject: {fileID: 0}
  m_PrefabInternal: {fileID: 100100000}
  serializedVersion: 5
  m_Component:
  - component: {fileID: 4878220154492110}
  m_Layer: 0
  m_Name: LeftToeBase
  m_TagString: Untagged
  m_Icon: {fileID: 0}
  m_NavMeshLayer: 0
  m_StaticEditorFlags: 0
  m_IsActive: 1
--- !u!1 &1369463316619294
GameObject:
  m_ObjectHideFlags: 1
  m_PrefabParentObject: {fileID: 0}
  m_PrefabInternal: {fileID: 100100000}
  serializedVersion: 5
  m_Component:
  - component: {fileID: 4942274067472756}
  m_Layer: 0
  m_Name: Spine
  m_TagString: Untagged
  m_Icon: {fileID: 0}
  m_NavMeshLayer: 0
  m_StaticEditorFlags: 0
  m_IsActive: 1
--- !u!1 &1371762662321596
GameObject:
  m_ObjectHideFlags: 1
  m_PrefabParentObject: {fileID: 0}
  m_PrefabInternal: {fileID: 100100000}
  serializedVersion: 5
  m_Component:
  - component: {fileID: 4983373267816538}
  m_Layer: 0
  m_Name: LeftHandMiddle1
  m_TagString: Untagged
  m_Icon: {fileID: 0}
  m_NavMeshLayer: 0
  m_StaticEditorFlags: 0
  m_IsActive: 1
--- !u!1 &1388628807908972
GameObject:
  m_ObjectHideFlags: 1
  m_PrefabParentObject: {fileID: 0}
  m_PrefabInternal: {fileID: 100100000}
  serializedVersion: 5
  m_Component:
  - component: {fileID: 4037302925581616}
  m_Layer: 0
  m_Name: RightShoulder
  m_TagString: Untagged
  m_Icon: {fileID: 0}
  m_NavMeshLayer: 0
  m_StaticEditorFlags: 0
  m_IsActive: 1
--- !u!1 &1407854972424552
GameObject:
  m_ObjectHideFlags: 1
  m_PrefabParentObject: {fileID: 0}
  m_PrefabInternal: {fileID: 100100000}
  serializedVersion: 5
  m_Component:
  - component: {fileID: 4695608099077564}
  m_Layer: 0
  m_Name: RightHandRing3
  m_TagString: Untagged
  m_Icon: {fileID: 0}
  m_NavMeshLayer: 0
  m_StaticEditorFlags: 0
  m_IsActive: 1
--- !u!1 &1409506599503118
GameObject:
  m_ObjectHideFlags: 1
  m_PrefabParentObject: {fileID: 0}
  m_PrefabInternal: {fileID: 100100000}
  serializedVersion: 5
  m_Component:
  - component: {fileID: 4516042514846698}
  m_Layer: 0
  m_Name: RightHandThumb4
  m_TagString: Untagged
  m_Icon: {fileID: 0}
  m_NavMeshLayer: 0
  m_StaticEditorFlags: 0
  m_IsActive: 1
--- !u!1 &1410792195525930
GameObject:
  m_ObjectHideFlags: 1
  m_PrefabParentObject: {fileID: 0}
  m_PrefabInternal: {fileID: 100100000}
  serializedVersion: 5
  m_Component:
  - component: {fileID: 4705672052997560}
  m_Layer: 0
  m_Name: RightFoot
  m_TagString: Untagged
  m_Icon: {fileID: 0}
  m_NavMeshLayer: 0
  m_StaticEditorFlags: 0
  m_IsActive: 1
--- !u!1 &1421248227593320
GameObject:
  m_ObjectHideFlags: 1
  m_PrefabParentObject: {fileID: 0}
  m_PrefabInternal: {fileID: 100100000}
  serializedVersion: 5
  m_Component:
  - component: {fileID: 4157873082607286}
  - component: {fileID: 54798318914534868}
  - component: {fileID: 144379355202885786}
  - component: {fileID: 135032143778823244}
  - component: {fileID: 114207893315286110}
  m_Layer: 0
  m_Name: Head
  m_TagString: Untagged
  m_Icon: {fileID: 0}
  m_NavMeshLayer: 0
  m_StaticEditorFlags: 0
  m_IsActive: 1
--- !u!1 &1424552129308578
GameObject:
  m_ObjectHideFlags: 1
  m_PrefabParentObject: {fileID: 0}
  m_PrefabInternal: {fileID: 100100000}
  serializedVersion: 5
  m_Component:
  - component: {fileID: 4308168062200532}
  m_Layer: 0
  m_Name: Spine2
  m_TagString: Untagged
  m_Icon: {fileID: 0}
  m_NavMeshLayer: 0
  m_StaticEditorFlags: 0
  m_IsActive: 1
--- !u!1 &1427435961453000
GameObject:
  m_ObjectHideFlags: 1
  m_PrefabParentObject: {fileID: 0}
  m_PrefabInternal: {fileID: 100100000}
  serializedVersion: 5
  m_Component:
  - component: {fileID: 4873040621748294}
  m_Layer: 0
  m_Name: LeftHandRing3
  m_TagString: Untagged
  m_Icon: {fileID: 0}
  m_NavMeshLayer: 0
  m_StaticEditorFlags: 0
  m_IsActive: 1
--- !u!1 &1433106267492758
GameObject:
  m_ObjectHideFlags: 1
  m_PrefabParentObject: {fileID: 0}
  m_PrefabInternal: {fileID: 100100000}
  serializedVersion: 5
  m_Component:
  - component: {fileID: 4678456054924560}
  m_Layer: 0
  m_Name: RightHandPinky4
  m_TagString: Untagged
  m_Icon: {fileID: 0}
  m_NavMeshLayer: 0
  m_StaticEditorFlags: 0
  m_IsActive: 1
--- !u!1 &1434421997125090
GameObject:
  m_ObjectHideFlags: 1
  m_PrefabParentObject: {fileID: 0}
  m_PrefabInternal: {fileID: 100100000}
  serializedVersion: 5
  m_Component:
  - component: {fileID: 4876448330448358}
  - component: {fileID: 54954325343511072}
  - component: {fileID: 144704280790184508}
  - component: {fileID: 136774794670380436}
  - component: {fileID: 114237895453758118}
  m_Layer: 0
  m_Name: RightUpLeg
  m_TagString: Untagged
  m_Icon: {fileID: 0}
  m_NavMeshLayer: 0
  m_StaticEditorFlags: 0
  m_IsActive: 1
--- !u!1 &1435690205418652
GameObject:
  m_ObjectHideFlags: 1
  m_PrefabParentObject: {fileID: 0}
  m_PrefabInternal: {fileID: 100100000}
  serializedVersion: 5
  m_Component:
  - component: {fileID: 4215713341282080}
  m_Layer: 0
  m_Name: LeftHandThumb1
  m_TagString: Untagged
  m_Icon: {fileID: 0}
  m_NavMeshLayer: 0
  m_StaticEditorFlags: 0
  m_IsActive: 1
--- !u!1 &1456192751298868
GameObject:
  m_ObjectHideFlags: 1
  m_PrefabParentObject: {fileID: 0}
  m_PrefabInternal: {fileID: 100100000}
  serializedVersion: 5
  m_Component:
  - component: {fileID: 4653140560214458}
  m_Layer: 0
  m_Name: LeftHandRing2
  m_TagString: Untagged
  m_Icon: {fileID: 0}
  m_NavMeshLayer: 0
  m_StaticEditorFlags: 0
  m_IsActive: 1
--- !u!1 &1467786286766634
GameObject:
  m_ObjectHideFlags: 1
  m_PrefabParentObject: {fileID: 0}
  m_PrefabInternal: {fileID: 100100000}
  serializedVersion: 5
  m_Component:
  - component: {fileID: 4930905566165820}
  m_Layer: 0
  m_Name: LeftFoot
  m_TagString: Untagged
  m_Icon: {fileID: 0}
  m_NavMeshLayer: 0
  m_StaticEditorFlags: 0
  m_IsActive: 1
--- !u!1 &1479314865368476
GameObject:
  m_ObjectHideFlags: 1
  m_PrefabParentObject: {fileID: 0}
  m_PrefabInternal: {fileID: 100100000}
  serializedVersion: 5
  m_Component:
  - component: {fileID: 4181580260154826}
  m_Layer: 0
  m_Name: RightHandThumb2
  m_TagString: Untagged
  m_Icon: {fileID: 0}
  m_NavMeshLayer: 0
  m_StaticEditorFlags: 0
  m_IsActive: 1
--- !u!1 &1494661775216860
GameObject:
  m_ObjectHideFlags: 1
  m_PrefabParentObject: {fileID: 0}
  m_PrefabInternal: {fileID: 100100000}
  serializedVersion: 5
  m_Component:
  - component: {fileID: 4726721374263538}
  - component: {fileID: 54510318392490928}
  - component: {fileID: 144115101805333524}
  - component: {fileID: 136661827318080370}
  - component: {fileID: 114883685011213816}
  m_Layer: 0
  m_Name: RightArm
  m_TagString: Untagged
  m_Icon: {fileID: 0}
  m_NavMeshLayer: 0
  m_StaticEditorFlags: 0
  m_IsActive: 1
--- !u!1 &1515937664440406
GameObject:
  m_ObjectHideFlags: 1
  m_PrefabParentObject: {fileID: 0}
  m_PrefabInternal: {fileID: 100100000}
  serializedVersion: 5
  m_Component:
  - component: {fileID: 4260908673557034}
  m_Layer: 0
  m_Name: LeftToe_End
  m_TagString: Untagged
  m_Icon: {fileID: 0}
  m_NavMeshLayer: 0
  m_StaticEditorFlags: 0
  m_IsActive: 1
--- !u!1 &1517181078838776
GameObject:
  m_ObjectHideFlags: 1
  m_PrefabParentObject: {fileID: 0}
  m_PrefabInternal: {fileID: 100100000}
  serializedVersion: 5
  m_Component:
  - component: {fileID: 4856057196502808}
  m_Layer: 0
  m_Name: RightHandIndex2
  m_TagString: Untagged
  m_Icon: {fileID: 0}
  m_NavMeshLayer: 0
  m_StaticEditorFlags: 0
  m_IsActive: 1
--- !u!1 &1544603073399258
GameObject:
  m_ObjectHideFlags: 1
  m_PrefabParentObject: {fileID: 0}
  m_PrefabInternal: {fileID: 100100000}
  serializedVersion: 5
  m_Component:
  - component: {fileID: 4219077052958762}
  m_Layer: 0
  m_Name: LeftHandPinky4
  m_TagString: Untagged
  m_Icon: {fileID: 0}
  m_NavMeshLayer: 0
  m_StaticEditorFlags: 0
  m_IsActive: 1
--- !u!1 &1559435168355468
GameObject:
  m_ObjectHideFlags: 1
  m_PrefabParentObject: {fileID: 0}
  m_PrefabInternal: {fileID: 100100000}
  serializedVersion: 5
  m_Component:
  - component: {fileID: 4546175706119200}
  m_Layer: 0
  m_Name: RightHandIndex3
  m_TagString: Untagged
  m_Icon: {fileID: 0}
  m_NavMeshLayer: 0
  m_StaticEditorFlags: 0
  m_IsActive: 1
--- !u!1 &1581344811973444
GameObject:
  m_ObjectHideFlags: 1
  m_PrefabParentObject: {fileID: 0}
  m_PrefabInternal: {fileID: 100100000}
  serializedVersion: 5
  m_Component:
  - component: {fileID: 4772516112936742}
  - component: {fileID: 54552139112020322}
  - component: {fileID: 144491293077416584}
  - component: {fileID: 136586637615897094}
  - component: {fileID: 114267039495644338}
  m_Layer: 0
  m_Name: LeftArm
  m_TagString: Untagged
  m_Icon: {fileID: 0}
  m_NavMeshLayer: 0
  m_StaticEditorFlags: 0
  m_IsActive: 1
--- !u!1 &1629195186977676
GameObject:
  m_ObjectHideFlags: 1
  m_PrefabParentObject: {fileID: 0}
  m_PrefabInternal: {fileID: 100100000}
  serializedVersion: 5
  m_Component:
  - component: {fileID: 4387774327581798}
  m_Layer: 0
  m_Name: LeftShoulder
  m_TagString: Untagged
  m_Icon: {fileID: 0}
  m_NavMeshLayer: 0
  m_StaticEditorFlags: 0
  m_IsActive: 1
--- !u!1 &1644015519966910
GameObject:
  m_ObjectHideFlags: 1
  m_PrefabParentObject: {fileID: 0}
  m_PrefabInternal: {fileID: 100100000}
  serializedVersion: 5
  m_Component:
  - component: {fileID: 4343599671687564}
  m_Layer: 0
  m_Name: LeftHandIndex1
  m_TagString: Untagged
  m_Icon: {fileID: 0}
  m_NavMeshLayer: 0
  m_StaticEditorFlags: 0
  m_IsActive: 1
--- !u!1 &1654978087617316
GameObject:
  m_ObjectHideFlags: 0
  m_PrefabParentObject: {fileID: 0}
  m_PrefabInternal: {fileID: 100100000}
  serializedVersion: 5
  m_Component:
  - component: {fileID: 4435164909087824}
  - component: {fileID: 54665223492123904}
  - component: {fileID: 65318455407788670}
  - component: {fileID: 114767303137438890}
  m_Layer: 0
  m_Name: Hips
  m_TagString: Untagged
  m_Icon: {fileID: 0}
  m_NavMeshLayer: 0
  m_StaticEditorFlags: 0
  m_IsActive: 1
--- !u!1 &1668875505510628
GameObject:
  m_ObjectHideFlags: 1
  m_PrefabParentObject: {fileID: 0}
  m_PrefabInternal: {fileID: 100100000}
  serializedVersion: 5
  m_Component:
  - component: {fileID: 4703361989301368}
  m_Layer: 0
  m_Name: RightHandMiddle4
  m_TagString: Untagged
  m_Icon: {fileID: 0}
  m_NavMeshLayer: 0
  m_StaticEditorFlags: 0
  m_IsActive: 1
--- !u!1 &1685493538196436
GameObject:
  m_ObjectHideFlags: 0
  m_PrefabParentObject: {fileID: 0}
  m_PrefabInternal: {fileID: 100100000}
  serializedVersion: 5
  m_Component:
  - component: {fileID: 4483111923695302}
  - component: {fileID: 95144790533649212}
  - component: {fileID: 54570907181312530}
  - component: {fileID: 137350829349327324}
  - component: {fileID: 195647483285491380}
  - component: {fileID: 114907276073668694}
  - component: {fileID: 114403753014085628}
  - component: {fileID: 114694043957890160}
  - component: {fileID: 114405059689719056}
  m_Layer: 0
  m_Name: Parasite_L_Starkie
  m_TagString: Untagged
  m_Icon: {fileID: 0}
  m_NavMeshLayer: 0
  m_StaticEditorFlags: 0
  m_IsActive: 1
--- !u!1 &1704259886415182
GameObject:
  m_ObjectHideFlags: 1
  m_PrefabParentObject: {fileID: 0}
  m_PrefabInternal: {fileID: 100100000}
  serializedVersion: 5
  m_Component:
  - component: {fileID: 4328970227610614}
  - component: {fileID: 54019493976266796}
  - component: {fileID: 144848726696748610}
  - component: {fileID: 65075780353299218}
  - component: {fileID: 114964273142273806}
  m_Layer: 0
  m_Name: Spine1
  m_TagString: Untagged
  m_Icon: {fileID: 0}
  m_NavMeshLayer: 0
  m_StaticEditorFlags: 0
  m_IsActive: 1
--- !u!1 &1738859020040036
GameObject:
  m_ObjectHideFlags: 1
  m_PrefabParentObject: {fileID: 0}
  m_PrefabInternal: {fileID: 100100000}
  serializedVersion: 5
  m_Component:
  - component: {fileID: 4757840097394860}
  m_Layer: 0
  m_Name: RightHandRing1
  m_TagString: Untagged
  m_Icon: {fileID: 0}
  m_NavMeshLayer: 0
  m_StaticEditorFlags: 0
  m_IsActive: 1
--- !u!1 &1744864187136224
GameObject:
  m_ObjectHideFlags: 1
  m_PrefabParentObject: {fileID: 0}
  m_PrefabInternal: {fileID: 100100000}
  serializedVersion: 5
  m_Component:
  - component: {fileID: 4925355187371982}
  m_Layer: 0
  m_Name: RightHandIndex1
  m_TagString: Untagged
  m_Icon: {fileID: 0}
  m_NavMeshLayer: 0
  m_StaticEditorFlags: 0
  m_IsActive: 1
--- !u!1 &1801102368268458
GameObject:
  m_ObjectHideFlags: 1
  m_PrefabParentObject: {fileID: 0}
  m_PrefabInternal: {fileID: 100100000}
  serializedVersion: 5
  m_Component:
  - component: {fileID: 4737749308415754}
  m_Layer: 0
  m_Name: RightHandPinky1
  m_TagString: Untagged
  m_Icon: {fileID: 0}
  m_NavMeshLayer: 0
  m_StaticEditorFlags: 0
  m_IsActive: 1
--- !u!1 &1809623923981764
GameObject:
  m_ObjectHideFlags: 1
  m_PrefabParentObject: {fileID: 0}
  m_PrefabInternal: {fileID: 100100000}
  serializedVersion: 5
  m_Component:
  - component: {fileID: 4714164100017100}
  m_Layer: 0
  m_Name: LeftHandThumb4
  m_TagString: Untagged
  m_Icon: {fileID: 0}
  m_NavMeshLayer: 0
  m_StaticEditorFlags: 0
  m_IsActive: 1
--- !u!1 &1843792680933360
GameObject:
  m_ObjectHideFlags: 1
  m_PrefabParentObject: {fileID: 0}
  m_PrefabInternal: {fileID: 100100000}
  serializedVersion: 5
  m_Component:
  - component: {fileID: 4135148048149310}
  - component: {fileID: 54437536015577896}
  - component: {fileID: 144735875652723754}
  - component: {fileID: 136019004225125684}
  - component: {fileID: 114918731967907108}
  m_Layer: 0
  m_Name: RightLeg
  m_TagString: Untagged
  m_Icon: {fileID: 0}
  m_NavMeshLayer: 0
  m_StaticEditorFlags: 0
  m_IsActive: 1
--- !u!1 &1854252779551272
GameObject:
  m_ObjectHideFlags: 1
  m_PrefabParentObject: {fileID: 0}
  m_PrefabInternal: {fileID: 100100000}
  serializedVersion: 5
  m_Component:
  - component: {fileID: 4479473749309872}
  m_Layer: 0
  m_Name: LeftHandPinky3
  m_TagString: Untagged
  m_Icon: {fileID: 0}
  m_NavMeshLayer: 0
  m_StaticEditorFlags: 0
  m_IsActive: 1
--- !u!1 &1854645170502834
GameObject:
  m_ObjectHideFlags: 1
  m_PrefabParentObject: {fileID: 0}
  m_PrefabInternal: {fileID: 100100000}
  serializedVersion: 5
  m_Component:
  - component: {fileID: 4378680286482724}
  m_Layer: 0
  m_Name: Neck
  m_TagString: Untagged
  m_Icon: {fileID: 0}
  m_NavMeshLayer: 0
  m_StaticEditorFlags: 0
  m_IsActive: 1
--- !u!1 &1860509095385866
GameObject:
  m_ObjectHideFlags: 1
  m_PrefabParentObject: {fileID: 0}
  m_PrefabInternal: {fileID: 100100000}
  serializedVersion: 5
  m_Component:
  - component: {fileID: 4464483122982432}
  m_Layer: 0
  m_Name: LeftHandMiddle3
  m_TagString: Untagged
  m_Icon: {fileID: 0}
  m_NavMeshLayer: 0
  m_StaticEditorFlags: 0
  m_IsActive: 1
--- !u!1 &1865547433901932
GameObject:
  m_ObjectHideFlags: 1
  m_PrefabParentObject: {fileID: 0}
  m_PrefabInternal: {fileID: 100100000}
  serializedVersion: 5
  m_Component:
  - component: {fileID: 4550571083997538}
  m_Layer: 0
  m_Name: LeftHandMiddle4
  m_TagString: Untagged
  m_Icon: {fileID: 0}
  m_NavMeshLayer: 0
  m_StaticEditorFlags: 0
  m_IsActive: 1
--- !u!1 &1877401687198556
GameObject:
  m_ObjectHideFlags: 1
  m_PrefabParentObject: {fileID: 0}
  m_PrefabInternal: {fileID: 100100000}
  serializedVersion: 5
  m_Component:
  - component: {fileID: 4671684596567046}
  m_Layer: 0
  m_Name: LeftHandIndex4
  m_TagString: Untagged
  m_Icon: {fileID: 0}
  m_NavMeshLayer: 0
  m_StaticEditorFlags: 0
  m_IsActive: 1
--- !u!1 &1883942539266656
GameObject:
  m_ObjectHideFlags: 1
  m_PrefabParentObject: {fileID: 0}
  m_PrefabInternal: {fileID: 100100000}
  serializedVersion: 5
  m_Component:
  - component: {fileID: 4615759782516382}
  m_Layer: 0
  m_Name: LeftHandIndex3
  m_TagString: Untagged
  m_Icon: {fileID: 0}
  m_NavMeshLayer: 0
  m_StaticEditorFlags: 0
  m_IsActive: 1
--- !u!1 &1890904243559718
GameObject:
  m_ObjectHideFlags: 1
  m_PrefabParentObject: {fileID: 0}
  m_PrefabInternal: {fileID: 100100000}
  serializedVersion: 5
  m_Component:
  - component: {fileID: 4459156141762204}
  - component: {fileID: 54264434211426386}
  - component: {fileID: 144395604822216996}
  - component: {fileID: 136640701147644980}
  - component: {fileID: 114686648743378542}
  m_Layer: 0
  m_Name: LeftUpLeg
  m_TagString: Untagged
  m_Icon: {fileID: 0}
  m_NavMeshLayer: 0
  m_StaticEditorFlags: 0
  m_IsActive: 1
--- !u!1 &1923336252227356
GameObject:
  m_ObjectHideFlags: 1
  m_PrefabParentObject: {fileID: 0}
  m_PrefabInternal: {fileID: 100100000}
  serializedVersion: 5
  m_Component:
  - component: {fileID: 4609686037989320}
  m_Layer: 0
  m_Name: RightHandRing4
  m_TagString: Untagged
  m_Icon: {fileID: 0}
  m_NavMeshLayer: 0
  m_StaticEditorFlags: 0
  m_IsActive: 1
--- !u!1 &1961645288011582
GameObject:
  m_ObjectHideFlags: 1
  m_PrefabParentObject: {fileID: 0}
  m_PrefabInternal: {fileID: 100100000}
  serializedVersion: 5
  m_Component:
  - component: {fileID: 4583928154315480}
  m_Layer: 0
  m_Name: LeftHandPinky2
  m_TagString: Untagged
  m_Icon: {fileID: 0}
  m_NavMeshLayer: 0
  m_StaticEditorFlags: 0
  m_IsActive: 1
--- !u!4 &4001558065529508
Transform:
  m_ObjectHideFlags: 1
  m_PrefabParentObject: {fileID: 0}
  m_PrefabInternal: {fileID: 100100000}
  m_GameObject: {fileID: 1039891756644026}
  m_LocalRotation: {x: 0.2678242, y: -0.072411425, z: 0.01671698, w: 0.9605974}
  m_LocalPosition: {x: 0.003118699, y: 0.12430103, z: -0.022525692}
  m_LocalScale: {x: 1, y: 1, z: 1}
  m_Children:
  - {fileID: 4088719029574394}
  m_Father: {fileID: 4705672052997560}
  m_RootOrder: 0
  m_LocalEulerAnglesHint: {x: 0, y: 0, z: 0}
--- !u!4 &4017435656957274
Transform:
  m_ObjectHideFlags: 1
  m_PrefabParentObject: {fileID: 0}
  m_PrefabInternal: {fileID: 100100000}
  m_GameObject: {fileID: 1003366374616462}
  m_LocalRotation: {x: 0.06779617, y: -0.11068094, z: 0.08647257, w: 0.9877631}
  m_LocalPosition: {x: 1.8118841e-16, y: -0.04421426, z: 1.2079227e-16}
  m_LocalScale: {x: 1, y: 1, z: 1}
  m_Children: []
  m_Father: {fileID: 4546175706119200}
  m_RootOrder: 0
  m_LocalEulerAnglesHint: {x: 0, y: 0, z: 0}
--- !u!4 &4037302925581616
Transform:
  m_ObjectHideFlags: 1
  m_PrefabParentObject: {fileID: 0}
  m_PrefabInternal: {fileID: 100100000}
  m_GameObject: {fileID: 1388628807908972}
  m_LocalRotation: {x: -0.52793545, y: -0.4704088, z: 0.6162543, w: -0.34674248}
  m_LocalPosition: {x: 0.06877815, y: 0.2190079, z: -0.07270965}
  m_LocalScale: {x: 1, y: 1, z: 1}
  m_Children:
  - {fileID: 4726721374263538}
  m_Father: {fileID: 4308168062200532}
  m_RootOrder: 2
  m_LocalEulerAnglesHint: {x: 0, y: 0, z: 0}
--- !u!4 &4061876348499042
Transform:
  m_ObjectHideFlags: 1
  m_PrefabParentObject: {fileID: 0}
  m_PrefabInternal: {fileID: 100100000}
  m_GameObject: {fileID: 1241310263485004}
  m_LocalRotation: {x: 0.00000033705751, y: -0.008779861, z: -0.00000027160377, w: 0.9999615}
  m_LocalPosition: {x: -1.2079227e-16, y: -0.02664114, z: -3.6237681e-16}
  m_LocalScale: {x: 1, y: 1, z: 1}
  m_Children:
  - {fileID: 4910881669846158}
  m_Father: {fileID: 4737749308415754}
  m_RootOrder: 0
  m_LocalEulerAnglesHint: {x: 0, y: 0, z: 0}
--- !u!4 &4088719029574394
Transform:
  m_ObjectHideFlags: 1
  m_PrefabParentObject: {fileID: 0}
  m_PrefabInternal: {fileID: 100100000}
  m_GameObject: {fileID: 1269205816898580}
  m_LocalRotation: {x: 0, y: 0.0064511993, z: -0, w: 0.9999792}
  m_LocalPosition: {x: -3.0198068e-17, y: 0.1090174, z: 3.7747587e-17}
  m_LocalScale: {x: 1, y: 1, z: 1}
  m_Children: []
  m_Father: {fileID: 4001558065529508}
  m_RootOrder: 0
  m_LocalEulerAnglesHint: {x: 0, y: 0, z: 0}
--- !u!4 &4106348188734412
Transform:
  m_ObjectHideFlags: 1
  m_PrefabParentObject: {fileID: 0}
  m_PrefabInternal: {fileID: 100100000}
  m_GameObject: {fileID: 1226964034449202}
  m_LocalRotation: {x: 0.0045519997, y: -0.012264789, z: -0.0031350239, w: 0.9999095}
  m_LocalPosition: {x: -2.4158454e-16, y: -0.043788444, z: -6.039614e-16}
  m_LocalScale: {x: 1, y: 1, z: 1}
  m_Children:
  - {fileID: 4695608099077564}
  m_Father: {fileID: 4757840097394860}
  m_RootOrder: 0
  m_LocalEulerAnglesHint: {x: 0, y: 0, z: 0}
--- !u!4 &4135148048149310
Transform:
  m_ObjectHideFlags: 1
  m_PrefabParentObject: {fileID: 0}
  m_PrefabInternal: {fileID: 100100000}
  m_GameObject: {fileID: 1843792680933360}
  m_LocalRotation: {x: -0.0656118, y: -0.02134487, z: 0.00026535377, w: 0.9976169}
  m_LocalPosition: {x: -6.3415943e-16, y: 0.38868147, z: 0}
  m_LocalScale: {x: 1, y: 1, z: 1}
  m_Children:
  - {fileID: 4705672052997560}
  m_Father: {fileID: 4876448330448358}
  m_RootOrder: 0
  m_LocalEulerAnglesHint: {x: 0, y: 0, z: 0}
--- !u!4 &4137447094852230
Transform:
  m_ObjectHideFlags: 1
  m_PrefabParentObject: {fileID: 0}
  m_PrefabInternal: {fileID: 100100000}
  m_GameObject: {fileID: 1108552308303352}
  m_LocalRotation: {x: 0.9988442, y: -0.040841848, z: -0.02384534, w: -0.008581675}
  m_LocalPosition: {x: -0.050456084, y: 0.14965008, z: -0.0049439734}
  m_LocalScale: {x: 1, y: 1, z: 1}
  m_Children:
  - {fileID: 4583928154315480}
  m_Father: {fileID: 4556865937681378}
  m_RootOrder: 2
  m_LocalEulerAnglesHint: {x: 0, y: 0, z: 0}
--- !u!4 &4151998268991564
Transform:
  m_ObjectHideFlags: 1
  m_PrefabParentObject: {fileID: 0}
  m_PrefabInternal: {fileID: 100100000}
  m_GameObject: {fileID: 1145094286709796}
  m_LocalRotation: {x: -0.0050492696, y: -0.06187077, z: -0.041426778, w: 0.99721134}
  m_LocalPosition: {x: 9.0594204e-17, y: 0.24045905, z: -2.4158454e-16}
  m_LocalScale: {x: 1, y: 1, z: 1}
  m_Children:
  - {fileID: 4925355187371982}
  - {fileID: 4838411009092582}
  - {fileID: 4737749308415754}
  - {fileID: 4757840097394860}
  - {fileID: 4304611240836872}
  m_Father: {fileID: 4497195035077708}
  m_RootOrder: 0
  m_LocalEulerAnglesHint: {x: 0, y: 0, z: 0}
--- !u!4 &4157873082607286
Transform:
  m_ObjectHideFlags: 1
  m_PrefabParentObject: {fileID: 0}
  m_PrefabInternal: {fileID: 100100000}
  m_GameObject: {fileID: 1421248227593320}
  m_LocalRotation: {x: -0.0007445606, y: 3.3826514e-13, z: 0.00009174744, w: 0.99999976}
  m_LocalPosition: {x: 0.0000025829681, y: 0.084348515, z: -0.0034415324}
  m_LocalScale: {x: 1, y: 1, z: 1}
  m_Children:
  - {fileID: 4617401053531088}
  m_Father: {fileID: 4378680286482724}
  m_RootOrder: 0
  m_LocalEulerAnglesHint: {x: 0, y: 0, z: 0}
--- !u!4 &4175856739876598
Transform:
  m_ObjectHideFlags: 1
  m_PrefabParentObject: {fileID: 0}
  m_PrefabInternal: {fileID: 100100000}
  m_GameObject: {fileID: 1093901240222668}
  m_LocalRotation: {x: -0.0010861149, y: 0.11431388, z: -0.12802991, w: 0.98515964}
  m_LocalPosition: {x: -0.00097157876, y: -0.03261844, z: -0.00064845796}
  m_LocalScale: {x: 1, y: 1, z: 1}
  m_Children: []
  m_Father: {fileID: 4873040621748294}
  m_RootOrder: 0
  m_LocalEulerAnglesHint: {x: 0, y: 0, z: 0}
--- !u!4 &4181580260154826
Transform:
  m_ObjectHideFlags: 1
  m_PrefabParentObject: {fileID: 0}
  m_PrefabInternal: {fileID: 100100000}
  m_GameObject: {fileID: 1479314865368476}
  m_LocalRotation: {x: 0.00000022002867, y: -0.024077445, z: 0.0000006139755, w: 0.99971014}
  m_LocalPosition: {x: 2.7782223e-15, y: -0.03712642, z: -8.455459e-16}
  m_LocalScale: {x: 1, y: 1, z: 1}
  m_Children:
  - {fileID: 4653256669599134}
  m_Father: {fileID: 4304611240836872}
  m_RootOrder: 0
  m_LocalEulerAnglesHint: {x: 0, y: 0, z: 0}
--- !u!4 &4215713341282080
Transform:
  m_ObjectHideFlags: 1
  m_PrefabParentObject: {fileID: 0}
  m_PrefabInternal: {fileID: 100100000}
  m_GameObject: {fileID: 1435690205418652}
  m_LocalRotation: {x: 0.92443943, y: -0.23058906, z: -0.10220716, w: -0.2859968}
  m_LocalPosition: {x: 0.03742599, y: 0.050986923, z: 0.024937695}
  m_LocalScale: {x: 1, y: 1, z: 1}
  m_Children:
  - {fileID: 4660739442718370}
  m_Father: {fileID: 4556865937681378}
  m_RootOrder: 4
  m_LocalEulerAnglesHint: {x: 0, y: 0, z: 0}
--- !u!4 &4219077052958762
Transform:
  m_ObjectHideFlags: 1
  m_PrefabParentObject: {fileID: 0}
  m_PrefabInternal: {fileID: 100100000}
  m_GameObject: {fileID: 1544603073399258}
  m_LocalRotation: {x: 0.025333177, y: 0.18848224, z: -0.10235968, w: 0.9763991}
  m_LocalPosition: {x: -0, y: -0.024218064, z: -3.019807e-16}
  m_LocalScale: {x: 1, y: 1, z: 1}
  m_Children: []
  m_Father: {fileID: 4479473749309872}
  m_RootOrder: 0
  m_LocalEulerAnglesHint: {x: 0, y: 0, z: 0}
--- !u!4 &4239704317791582
Transform:
  m_ObjectHideFlags: 1
  m_PrefabParentObject: {fileID: 0}
  m_PrefabInternal: {fileID: 100100000}
  m_GameObject: {fileID: 1088796220190464}
  m_LocalRotation: {x: 0.012650944, y: -0.03951373, z: -0.0011749173, w: 0.9991383}
  m_LocalPosition: {x: -0.000044266857, y: -0.032785162, z: -0.00083178486}
  m_LocalScale: {x: 1, y: 1, z: 1}
  m_Children:
  - {fileID: 4254696831195634}
  m_Father: {fileID: 4838411009092582}
  m_RootOrder: 0
  m_LocalEulerAnglesHint: {x: 0, y: 0, z: 0}
--- !u!4 &4254696831195634
Transform:
  m_ObjectHideFlags: 1
  m_PrefabParentObject: {fileID: 0}
  m_PrefabInternal: {fileID: 100100000}
  m_GameObject: {fileID: 1109423871755700}
  m_LocalRotation: {x: 0.00000010686293, y: -0.002178094, z: 0.00000051673817, w: 0.9999976}
  m_LocalPosition: {x: -6.0396136e-17, y: -0.051535442, z: -6.0396136e-17}
  m_LocalScale: {x: 1, y: 1, z: 1}
  m_Children:
  - {fileID: 4703361989301368}
  m_Father: {fileID: 4239704317791582}
  m_RootOrder: 0
  m_LocalEulerAnglesHint: {x: 0, y: 0, z: 0}
--- !u!4 &4260908673557034
Transform:
  m_ObjectHideFlags: 1
  m_PrefabParentObject: {fileID: 0}
  m_PrefabInternal: {fileID: 100100000}
  m_GameObject: {fileID: 1515937664440406}
  m_LocalRotation: {x: 0, y: -0.0064511993, z: -0, w: 0.9999792}
  m_LocalPosition: {x: 2.4135494e-19, y: 0.1090174, z: 1.2714494e-17}
  m_LocalScale: {x: 1, y: 1, z: 1}
  m_Children: []
  m_Father: {fileID: 4878220154492110}
  m_RootOrder: 0
  m_LocalEulerAnglesHint: {x: 0, y: 0, z: 0}
--- !u!4 &4304611240836872
Transform:
  m_ObjectHideFlags: 1
  m_PrefabParentObject: {fileID: 0}
  m_PrefabInternal: {fileID: 100100000}
  m_GameObject: {fileID: 1183500148277086}
  m_LocalRotation: {x: 0.92443943, y: 0.23058906, z: 0.10220716, w: -0.2859968}
  m_LocalPosition: {x: -0.03742599, y: 0.050986923, z: 0.024937695}
  m_LocalScale: {x: 1, y: 1, z: 1}
  m_Children:
  - {fileID: 4181580260154826}
  m_Father: {fileID: 4151998268991564}
  m_RootOrder: 4
  m_LocalEulerAnglesHint: {x: 0, y: 0, z: 0}
--- !u!4 &4308168062200532
Transform:
  m_ObjectHideFlags: 1
  m_PrefabParentObject: {fileID: 0}
  m_PrefabInternal: {fileID: 100100000}
  m_GameObject: {fileID: 1424552129308578}
  m_LocalRotation: {x: 0, y: 0, z: 1.1910149e-36, w: 1}
  m_LocalPosition: {x: -0.00036144463, y: 0.09208475, z: 0.0009936333}
  m_LocalScale: {x: 1, y: 1, z: 1}
  m_Children:
  - {fileID: 4387774327581798}
  - {fileID: 4378680286482724}
  - {fileID: 4037302925581616}
  m_Father: {fileID: 4328970227610614}
  m_RootOrder: 0
  m_LocalEulerAnglesHint: {x: 0, y: 0, z: 0}
--- !u!4 &4328195518778884
Transform:
  m_ObjectHideFlags: 1
  m_PrefabParentObject: {fileID: 0}
  m_PrefabInternal: {fileID: 100100000}
  m_GameObject: {fileID: 1155389064754792}
  m_LocalRotation: {x: 0.01159054, y: -0.12693946, z: 0.014719875, w: 0.99173355}
  m_LocalPosition: {x: 9.0594204e-17, y: -0.028270941, z: 6.0396136e-17}
  m_LocalScale: {x: 1, y: 1, z: 1}
  m_Children:
  - {fileID: 4714164100017100}
  m_Father: {fileID: 4660739442718370}
  m_RootOrder: 0
  m_LocalEulerAnglesHint: {x: 0, y: 0, z: 0}
--- !u!4 &4328970227610614
Transform:
  m_ObjectHideFlags: 1
  m_PrefabParentObject: {fileID: 0}
  m_PrefabInternal: {fileID: 100100000}
  m_GameObject: {fileID: 1704259886415182}
  m_LocalRotation: {x: 3.8774097e-26, y: -4.263257e-14, z: 6.82121e-13, w: 1}
  m_LocalPosition: {x: -0.00031626376, y: 0.09580348, z: 0.00086941314}
  m_LocalScale: {x: 1, y: 1, z: 1}
  m_Children:
  - {fileID: 4308168062200532}
  m_Father: {fileID: 4942274067472756}
  m_RootOrder: 0
  m_LocalEulerAnglesHint: {x: 0, y: 0, z: 0}
--- !u!4 &4343599671687564
Transform:
  m_ObjectHideFlags: 1
  m_PrefabParentObject: {fileID: 0}
  m_PrefabInternal: {fileID: 100100000}
  m_GameObject: {fileID: 1644015519966910}
  m_LocalRotation: {x: 0.9943204, y: -0.04158226, z: 0.09790478, w: -0.0035470298}
  m_LocalPosition: {x: 0.04191537, y: 0.14471564, z: -0.0019743592}
  m_LocalScale: {x: 1, y: 1, z: 1}
  m_Children:
  - {fileID: 4534573766462884}
  m_Father: {fileID: 4556865937681378}
  m_RootOrder: 0
  m_LocalEulerAnglesHint: {x: 0, y: 0, z: 0}
--- !u!4 &4378680286482724
Transform:
  m_ObjectHideFlags: 1
  m_PrefabParentObject: {fileID: 0}
  m_PrefabInternal: {fileID: 100100000}
  m_GameObject: {fileID: 1854645170502834}
  m_LocalRotation: {x: 0.19701952, y: 6.6228625e-14, z: 0.0000026108237, w: 0.9803996}
  m_LocalPosition: {x: -0.0004122906, y: 0.24473156, z: -0.004893478}
  m_LocalScale: {x: 1, y: 1, z: 1}
  m_Children:
  - {fileID: 4157873082607286}
  m_Father: {fileID: 4308168062200532}
  m_RootOrder: 1
  m_LocalEulerAnglesHint: {x: 0, y: 0, z: 0}
--- !u!4 &4387774327581798
Transform:
  m_ObjectHideFlags: 1
  m_PrefabParentObject: {fileID: 0}
  m_PrefabInternal: {fileID: 100100000}
  m_GameObject: {fileID: 1629195186977676}
  m_LocalRotation: {x: 0.5279356, y: -0.4704086, z: 0.6162545, w: 0.3467424}
  m_LocalPosition: {x: -0.066660024, y: 0.2190079, z: -0.07270965}
  m_LocalScale: {x: 1, y: 1, z: 1}
  m_Children:
  - {fileID: 4772516112936742}
  m_Father: {fileID: 4308168062200532}
  m_RootOrder: 0
  m_LocalEulerAnglesHint: {x: 0, y: 0, z: 0}
--- !u!4 &4395264615262582
Transform:
  m_ObjectHideFlags: 1
  m_PrefabParentObject: {fileID: 0}
  m_PrefabInternal: {fileID: 100100000}
  m_GameObject: {fileID: 1283104989783898}
  m_LocalRotation: {x: -0.00000028894155, y: -0.035640806, z: 0.000000098403355, w: 0.9993647}
  m_LocalPosition: {x: 3.5860205e-17, y: 0.22308153, z: -1.4721558e-16}
  m_LocalScale: {x: 1, y: 1, z: 1}
  m_Children:
  - {fileID: 4556865937681378}
  m_Father: {fileID: 4772516112936742}
  m_RootOrder: 0
  m_LocalEulerAnglesHint: {x: 0, y: 0, z: 0}
--- !u!4 &4405152146193912
Transform:
  m_ObjectHideFlags: 1
  m_PrefabParentObject: {fileID: 0}
  m_PrefabInternal: {fileID: 100100000}
  m_GameObject: {fileID: 1104562507816574}
  m_LocalRotation: {x: -0.065611355, y: 0.0213388, z: -0.00026472783, w: 0.99761707}
  m_LocalPosition: {x: 6.3415943e-16, y: 0.38868147, z: 0}
  m_LocalScale: {x: 1, y: 1, z: 1}
  m_Children:
  - {fileID: 4930905566165820}
  m_Father: {fileID: 4459156141762204}
  m_RootOrder: 0
  m_LocalEulerAnglesHint: {x: 0, y: 0, z: 0}
--- !u!4 &4435164909087824
Transform:
  m_ObjectHideFlags: 1
  m_PrefabParentObject: {fileID: 0}
  m_PrefabInternal: {fileID: 100100000}
  m_GameObject: {fileID: 1654978087617316}
  m_LocalRotation: {x: 2.6918843e-19, y: -0.0000000026698486, z: 0.000000087186315,
    w: 1}
  m_LocalPosition: {x: -0.00011900461, y: 0.96127176, z: -0.014200546}
  m_LocalScale: {x: 1, y: 1, z: 1}
  m_Children:
  - {fileID: 4459156141762204}
  - {fileID: 4876448330448358}
  - {fileID: 4942274067472756}
  m_Father: {fileID: 4483111923695302}
  m_RootOrder: 0
  m_LocalEulerAnglesHint: {x: 0, y: 0, z: 0}
--- !u!4 &4459156141762204
Transform:
  m_ObjectHideFlags: 1
  m_PrefabParentObject: {fileID: 0}
  m_PrefabInternal: {fileID: 100100000}
  m_GameObject: {fileID: 1890904243559718}
  m_LocalRotation: {x: -0.03734461, y: 0.018858591, z: 0.99912155, w: 0.0024280979}
  m_LocalPosition: {x: -0.10865435, y: -0.07238404, z: 0.011925015}
  m_LocalScale: {x: 1, y: 1, z: 1}
  m_Children:
  - {fileID: 4405152146193912}
  m_Father: {fileID: 4435164909087824}
  m_RootOrder: 0
  m_LocalEulerAnglesHint: {x: 0, y: 0, z: 0}
--- !u!4 &4464483122982432
Transform:
  m_ObjectHideFlags: 1
  m_PrefabParentObject: {fileID: 0}
  m_PrefabInternal: {fileID: 100100000}
  m_GameObject: {fileID: 1860509095385866}
  m_LocalRotation: {x: 0.00000016532097, y: 0.002178035, z: -0.00000045760584, w: 0.9999976}
  m_LocalPosition: {x: 6.0396136e-17, y: -0.051535442, z: 6.0396136e-17}
  m_LocalScale: {x: 1, y: 1, z: 1}
  m_Children:
  - {fileID: 4550571083997538}
  m_Father: {fileID: 4534207462297836}
  m_RootOrder: 0
  m_LocalEulerAnglesHint: {x: 0, y: 0, z: 0}
--- !u!4 &4479473749309872
Transform:
  m_ObjectHideFlags: 1
  m_PrefabParentObject: {fileID: 0}
  m_PrefabInternal: {fileID: 100100000}
  m_GameObject: {fileID: 1854252779551272}
  m_LocalRotation: {x: 0.000000115854455, y: 0.002005706, z: 0.0000003248367, w: 0.99999803}
  m_LocalPosition: {x: -1.2079227e-16, y: -0.027737685, z: -6.0396136e-17}
  m_LocalScale: {x: 1, y: 1, z: 1}
  m_Children:
  - {fileID: 4219077052958762}
  m_Father: {fileID: 4583928154315480}
  m_RootOrder: 0
  m_LocalEulerAnglesHint: {x: 0, y: 0, z: 0}
--- !u!4 &4483111923695302
Transform:
  m_ObjectHideFlags: 1
  m_PrefabParentObject: {fileID: 0}
  m_PrefabInternal: {fileID: 100100000}
  m_GameObject: {fileID: 1685493538196436}
  m_LocalRotation: {x: 0, y: 0, z: 0, w: 1}
  m_LocalPosition: {x: -15, y: 0, z: 0}
  m_LocalScale: {x: 1, y: 1, z: 1}
  m_Children:
  - {fileID: 4435164909087824}
  m_Father: {fileID: 0}
  m_RootOrder: 0
  m_LocalEulerAnglesHint: {x: 0, y: 0, z: 0}
--- !u!4 &4497195035077708
Transform:
  m_ObjectHideFlags: 1
  m_PrefabParentObject: {fileID: 0}
  m_PrefabInternal: {fileID: 100100000}
  m_GameObject: {fileID: 1333844056125566}
  m_LocalRotation: {x: -0.00000028894155, y: 0.035640806, z: -0.000000098403355, w: 0.9993647}
  m_LocalPosition: {x: -9.0594204e-17, y: 0.22308153, z: 1.2079227e-16}
  m_LocalScale: {x: 1, y: 1, z: 1}
  m_Children:
  - {fileID: 4151998268991564}
  m_Father: {fileID: 4726721374263538}
  m_RootOrder: 0
  m_LocalEulerAnglesHint: {x: 0, y: 0, z: 0}
--- !u!4 &4516042514846698
Transform:
  m_ObjectHideFlags: 1
  m_PrefabParentObject: {fileID: 0}
  m_PrefabInternal: {fileID: 100100000}
  m_GameObject: {fileID: 1409506599503118}
  m_LocalRotation: {x: 0.0758775, y: -0.39374667, z: -0.06660683, w: 0.9136573}
  m_LocalPosition: {x: 0.0012249533, y: -0.04662211, z: 0.0012470033}
  m_LocalScale: {x: 1, y: 1, z: 1}
  m_Children: []
  m_Father: {fileID: 4653256669599134}
  m_RootOrder: 0
  m_LocalEulerAnglesHint: {x: 0, y: 0, z: 0}
--- !u!4 &4534207462297836
Transform:
  m_ObjectHideFlags: 1
  m_PrefabParentObject: {fileID: 0}
  m_PrefabInternal: {fileID: 100100000}
  m_GameObject: {fileID: 1342640550816482}
  m_LocalRotation: {x: 0.012651013, y: 0.03951374, z: 0.0011749755, w: 0.9991383}
  m_LocalPosition: {x: 0.000044266857, y: -0.032785162, z: -0.00083178486}
  m_LocalScale: {x: 1, y: 1, z: 1}
  m_Children:
  - {fileID: 4464483122982432}
  m_Father: {fileID: 4983373267816538}
  m_RootOrder: 0
  m_LocalEulerAnglesHint: {x: 0, y: 0, z: 0}
--- !u!4 &4534573766462884
Transform:
  m_ObjectHideFlags: 1
  m_PrefabParentObject: {fileID: 0}
  m_PrefabInternal: {fileID: 100100000}
  m_GameObject: {fileID: 1129177307094940}
  m_LocalRotation: {x: 0.00000012075202, y: -0.027605094, z: -0.0000002853517, w: 0.99961895}
  m_LocalPosition: {x: 2.4158454e-16, y: -0.04490162, z: -7.2475363e-16}
  m_LocalScale: {x: 1, y: 1, z: 1}
  m_Children:
  - {fileID: 4615759782516382}
  m_Father: {fileID: 4343599671687564}
  m_RootOrder: 0
  m_LocalEulerAnglesHint: {x: 0, y: 0, z: 0}
--- !u!4 &4546175706119200
Transform:
  m_ObjectHideFlags: 1
  m_PrefabParentObject: {fileID: 0}
  m_PrefabInternal: {fileID: 100100000}
  m_GameObject: {fileID: 1559435168355468}
  m_LocalRotation: {x: 0.00000026740761, y: 0.008962769, z: 0.00000008048407, w: 0.9999598}
  m_LocalPosition: {x: -1.8118841e-16, y: -0.024824461, z: 0}
  m_LocalScale: {x: 1, y: 1, z: 1}
  m_Children:
  - {fileID: 4017435656957274}
  m_Father: {fileID: 4856057196502808}
  m_RootOrder: 0
  m_LocalEulerAnglesHint: {x: 0, y: 0, z: 0}
--- !u!4 &4550571083997538
Transform:
  m_ObjectHideFlags: 1
  m_PrefabParentObject: {fileID: 0}
  m_PrefabInternal: {fileID: 100100000}
  m_GameObject: {fileID: 1865547433901932}
  m_LocalRotation: {x: 0.041201923, y: 0.14563724, z: -0.13736756, w: 0.97888833}
  m_LocalPosition: {x: -0, y: -0.040319387, z: -6.0396136e-17}
  m_LocalScale: {x: 1, y: 1, z: 1}
  m_Children: []
  m_Father: {fileID: 4464483122982432}
  m_RootOrder: 0
  m_LocalEulerAnglesHint: {x: 0, y: 0, z: 0}
--- !u!4 &4556865937681378
Transform:
  m_ObjectHideFlags: 1
  m_PrefabParentObject: {fileID: 0}
  m_PrefabInternal: {fileID: 100100000}
  m_GameObject: {fileID: 1274373336701992}
  m_LocalRotation: {x: -0.0050492696, y: 0.06187077, z: 0.041426778, w: 0.99721134}
  m_LocalPosition: {x: -7.549517e-17, y: 0.24045905, z: -1.2079227e-16}
  m_LocalScale: {x: 1, y: 1, z: 1}
  m_Children:
  - {fileID: 4343599671687564}
  - {fileID: 4983373267816538}
  - {fileID: 4137447094852230}
  - {fileID: 4791522570049292}
  - {fileID: 4215713341282080}
  m_Father: {fileID: 4395264615262582}
  m_RootOrder: 0
  m_LocalEulerAnglesHint: {x: 0, y: 0, z: 0}
--- !u!4 &4583928154315480
Transform:
  m_ObjectHideFlags: 1
  m_PrefabParentObject: {fileID: 0}
  m_PrefabInternal: {fileID: 100100000}
  m_GameObject: {fileID: 1961645288011582}
  m_LocalRotation: {x: 0.00000033705751, y: 0.008779861, z: 0.00000027160377, w: 0.9999615}
  m_LocalPosition: {x: 1.2079227e-16, y: -0.02664114, z: -2.4158454e-16}
  m_LocalScale: {x: 1, y: 1, z: 1}
  m_Children:
  - {fileID: 4479473749309872}
  m_Father: {fileID: 4137447094852230}
  m_RootOrder: 0
  m_LocalEulerAnglesHint: {x: 0, y: 0, z: 0}
--- !u!4 &4609686037989320
Transform:
  m_ObjectHideFlags: 1
  m_PrefabParentObject: {fileID: 0}
  m_PrefabInternal: {fileID: 100100000}
  m_GameObject: {fileID: 1923336252227356}
  m_LocalRotation: {x: -0.0010861149, y: -0.11431388, z: 0.12802991, w: 0.98515964}
  m_LocalPosition: {x: 0.00097157876, y: -0.03261844, z: -0.00064845796}
  m_LocalScale: {x: 1, y: 1, z: 1}
  m_Children: []
  m_Father: {fileID: 4695608099077564}
  m_RootOrder: 0
  m_LocalEulerAnglesHint: {x: 0, y: 0, z: 0}
--- !u!4 &4615759782516382
Transform:
  m_ObjectHideFlags: 1
  m_PrefabParentObject: {fileID: 0}
  m_PrefabInternal: {fileID: 100100000}
  m_GameObject: {fileID: 1883942539266656}
  m_LocalRotation: {x: 0.0000002671266, y: -0.008962785, z: -0.000000050913094, w: 0.9999598}
  m_LocalPosition: {x: 1.2079227e-16, y: -0.024824461, z: -1.2079227e-16}
  m_LocalScale: {x: 1, y: 1, z: 1}
  m_Children:
  - {fileID: 4671684596567046}
  m_Father: {fileID: 4534573766462884}
  m_RootOrder: 0
  m_LocalEulerAnglesHint: {x: 0, y: 0, z: 0}
--- !u!4 &4617401053531088
Transform:
  m_ObjectHideFlags: 1
  m_PrefabParentObject: {fileID: 0}
  m_PrefabInternal: {fileID: 100100000}
  m_GameObject: {fileID: 1090381190962398}
  m_LocalRotation: {x: -0.068713255, y: 0.00032710002, z: -0.00015838612, w: 0.9976364}
  m_LocalPosition: {x: 1.8949361e-17, y: 0.138952, z: 2.472467e-16}
  m_LocalScale: {x: 1, y: 1, z: 1}
  m_Children: []
  m_Father: {fileID: 4157873082607286}
  m_RootOrder: 0
  m_LocalEulerAnglesHint: {x: 0, y: 0, z: 0}
--- !u!4 &4653140560214458
Transform:
  m_ObjectHideFlags: 1
  m_PrefabParentObject: {fileID: 0}
  m_PrefabInternal: {fileID: 100100000}
  m_GameObject: {fileID: 1456192751298868}
  m_LocalRotation: {x: 0.0045519997, y: 0.012264789, z: 0.0031350239, w: 0.9999095}
  m_LocalPosition: {x: 1.8118841e-16, y: -0.043788444, z: -7.2475363e-16}
  m_LocalScale: {x: 1, y: 1, z: 1}
  m_Children:
  - {fileID: 4873040621748294}
  m_Father: {fileID: 4791522570049292}
  m_RootOrder: 0
  m_LocalEulerAnglesHint: {x: 0, y: 0, z: 0}
--- !u!4 &4653256669599134
Transform:
  m_ObjectHideFlags: 1
  m_PrefabParentObject: {fileID: 0}
  m_PrefabInternal: {fileID: 100100000}
  m_GameObject: {fileID: 1202411245156026}
  m_LocalRotation: {x: 0.011590643, y: 0.12694016, z: -0.014719896, w: 0.99173343}
  m_LocalPosition: {x: -6.0396136e-17, y: -0.028270941, z: 0}
  m_LocalScale: {x: 1, y: 1, z: 1}
  m_Children:
  - {fileID: 4516042514846698}
  m_Father: {fileID: 4181580260154826}
  m_RootOrder: 0
  m_LocalEulerAnglesHint: {x: 0, y: 0, z: 0}
--- !u!4 &4660739442718370
Transform:
  m_ObjectHideFlags: 1
  m_PrefabParentObject: {fileID: 0}
  m_PrefabInternal: {fileID: 100100000}
  m_GameObject: {fileID: 1020191451079710}
  m_LocalRotation: {x: 0.00000020115336, y: 0.02407747, z: -0.00000062092505, w: 0.99971014}
  m_LocalPosition: {x: -2.65743e-15, y: -0.03712642, z: -8.455459e-16}
  m_LocalScale: {x: 1, y: 1, z: 1}
  m_Children:
  - {fileID: 4328195518778884}
  m_Father: {fileID: 4215713341282080}
  m_RootOrder: 0
  m_LocalEulerAnglesHint: {x: 0, y: 0, z: 0}
--- !u!4 &4671684596567046
Transform:
  m_ObjectHideFlags: 1
  m_PrefabParentObject: {fileID: 0}
  m_PrefabInternal: {fileID: 100100000}
  m_GameObject: {fileID: 1877401687198556}
  m_LocalRotation: {x: 0.06779617, y: 0.11068094, z: -0.08647257, w: 0.9877631}
  m_LocalPosition: {x: -1.2079227e-16, y: -0.04421426, z: 1.2079227e-16}
  m_LocalScale: {x: 1, y: 1, z: 1}
  m_Children: []
  m_Father: {fileID: 4615759782516382}
  m_RootOrder: 0
  m_LocalEulerAnglesHint: {x: 0, y: 0, z: 0}
--- !u!4 &4678456054924560
Transform:
  m_ObjectHideFlags: 1
  m_PrefabParentObject: {fileID: 0}
  m_PrefabInternal: {fileID: 100100000}
  m_GameObject: {fileID: 1433106267492758}
  m_LocalRotation: {x: 0.025333177, y: -0.18848224, z: 0.10235968, w: 0.9763991}
  m_LocalPosition: {x: -1.2079227e-16, y: -0.024218064, z: -3.019807e-16}
  m_LocalScale: {x: 1, y: 1, z: 1}
  m_Children: []
  m_Father: {fileID: 4910881669846158}
  m_RootOrder: 0
  m_LocalEulerAnglesHint: {x: 0, y: 0, z: 0}
--- !u!4 &4695608099077564
Transform:
  m_ObjectHideFlags: 1
  m_PrefabParentObject: {fileID: 0}
  m_PrefabInternal: {fileID: 100100000}
  m_GameObject: {fileID: 1407854972424552}
  m_LocalRotation: {x: -0.0136158075, y: -0.045332693, z: -0.011928781, w: 0.99880797}
  m_LocalPosition: {x: 0.00027294428, y: -0.042754862, z: 0.0003862152}
  m_LocalScale: {x: 1, y: 1, z: 1}
  m_Children:
  - {fileID: 4609686037989320}
  m_Father: {fileID: 4106348188734412}
  m_RootOrder: 0
  m_LocalEulerAnglesHint: {x: 0, y: 0, z: 0}
--- !u!4 &4703361989301368
Transform:
  m_ObjectHideFlags: 1
  m_PrefabParentObject: {fileID: 0}
  m_PrefabInternal: {fileID: 100100000}
  m_GameObject: {fileID: 1668875505510628}
  m_LocalRotation: {x: 0.041201923, y: -0.14563724, z: 0.13736756, w: 0.97888833}
  m_LocalPosition: {x: -0, y: -0.040319387, z: -6.0396136e-17}
  m_LocalScale: {x: 1, y: 1, z: 1}
  m_Children: []
  m_Father: {fileID: 4254696831195634}
  m_RootOrder: 0
  m_LocalEulerAnglesHint: {x: 0, y: 0, z: 0}
--- !u!4 &4705672052997560
Transform:
  m_ObjectHideFlags: 1
  m_PrefabParentObject: {fileID: 0}
  m_PrefabInternal: {fileID: 100100000}
  m_GameObject: {fileID: 1410792195525930}
  m_LocalRotation: {x: 0.5246225, y: -0.013100715, z: 0.07665612, w: 0.84777564}
  m_LocalPosition: {x: -0, y: 0.4183857, z: -6.0396136e-17}
  m_LocalScale: {x: 1, y: 1, z: 1}
  m_Children:
  - {fileID: 4001558065529508}
  m_Father: {fileID: 4135148048149310}
  m_RootOrder: 0
  m_LocalEulerAnglesHint: {x: 0, y: 0, z: 0}
--- !u!4 &4714164100017100
Transform:
  m_ObjectHideFlags: 1
  m_PrefabParentObject: {fileID: 0}
  m_PrefabInternal: {fileID: 100100000}
  m_GameObject: {fileID: 1809623923981764}
  m_LocalRotation: {x: 0.0758775, y: 0.39374667, z: 0.06660683, w: 0.9136573}
  m_LocalPosition: {x: -0.0012249533, y: -0.04662211, z: 0.0012470033}
  m_LocalScale: {x: 1, y: 1, z: 1}
  m_Children: []
  m_Father: {fileID: 4328195518778884}
  m_RootOrder: 0
  m_LocalEulerAnglesHint: {x: 0, y: 0, z: 0}
--- !u!4 &4726721374263538
Transform:
  m_ObjectHideFlags: 1
  m_PrefabParentObject: {fileID: 0}
  m_PrefabInternal: {fileID: 100100000}
  m_GameObject: {fileID: 1494661775216860}
  m_LocalRotation: {x: -0.16351019, y: -0.017748322, z: 0.10600463, w: 0.9806694}
  m_LocalPosition: {x: -0, y: 0.15446767, z: 0}
  m_LocalScale: {x: 1, y: 1, z: 1}
  m_Children:
  - {fileID: 4497195035077708}
  m_Father: {fileID: 4037302925581616}
  m_RootOrder: 0
  m_LocalEulerAnglesHint: {x: 0, y: 0, z: 0}
--- !u!4 &4737749308415754
Transform:
  m_ObjectHideFlags: 1
  m_PrefabParentObject: {fileID: 0}
  m_PrefabInternal: {fileID: 100100000}
  m_GameObject: {fileID: 1801102368268458}
  m_LocalRotation: {x: 0.9988442, y: 0.040841848, z: 0.02384534, w: -0.008581675}
  m_LocalPosition: {x: 0.050456084, y: 0.14965008, z: -0.0049439734}
  m_LocalScale: {x: 1, y: 1, z: 1}
  m_Children:
  - {fileID: 4061876348499042}
  m_Father: {fileID: 4151998268991564}
  m_RootOrder: 2
  m_LocalEulerAnglesHint: {x: 0, y: 0, z: 0}
--- !u!4 &4757840097394860
Transform:
  m_ObjectHideFlags: 1
  m_PrefabParentObject: {fileID: 0}
  m_PrefabInternal: {fileID: 100100000}
  m_GameObject: {fileID: 1738859020040036}
  m_LocalRotation: {x: 0.99908555, y: 0.041103672, z: -0.00930137, w: -0.0072226254}
  m_LocalPosition: {x: 0.01890667, y: 0.15105674, z: -0.004322494}
  m_LocalScale: {x: 1, y: 1, z: 1}
  m_Children:
  - {fileID: 4106348188734412}
  m_Father: {fileID: 4151998268991564}
  m_RootOrder: 3
  m_LocalEulerAnglesHint: {x: 0, y: 0, z: 0}
--- !u!4 &4772516112936742
Transform:
  m_ObjectHideFlags: 1
  m_PrefabParentObject: {fileID: 0}
  m_PrefabInternal: {fileID: 100100000}
  m_GameObject: {fileID: 1581344811973444}
  m_LocalRotation: {x: -0.16351008, y: 0.0177483, z: -0.10600456, w: 0.98066944}
  m_LocalPosition: {x: 2.842865e-17, y: 0.15446767, z: -5.6621377e-18}
  m_LocalScale: {x: 1, y: 1, z: 1}
  m_Children:
  - {fileID: 4395264615262582}
  m_Father: {fileID: 4387774327581798}
  m_RootOrder: 0
  m_LocalEulerAnglesHint: {x: 0, y: 0, z: 0}
--- !u!4 &4791522570049292
Transform:
  m_ObjectHideFlags: 1
  m_PrefabParentObject: {fileID: 0}
  m_PrefabInternal: {fileID: 100100000}
  m_GameObject: {fileID: 1291822190224466}
  m_LocalRotation: {x: 0.99908555, y: -0.041103672, z: 0.00930137, w: -0.0072226254}
  m_LocalPosition: {x: -0.01890667, y: 0.15105674, z: -0.004322494}
  m_LocalScale: {x: 1, y: 1, z: 1}
  m_Children:
  - {fileID: 4653140560214458}
  m_Father: {fileID: 4556865937681378}
  m_RootOrder: 3
  m_LocalEulerAnglesHint: {x: 0, y: 0, z: 0}
--- !u!4 &4838411009092582
Transform:
  m_ObjectHideFlags: 1
  m_PrefabParentObject: {fileID: 0}
  m_PrefabInternal: {fileID: 100100000}
  m_GameObject: {fileID: 1112054255692592}
  m_LocalRotation: {x: 0.9989801, y: 0.039941724, z: 0.020631416, w: 0.0042315614}
  m_LocalPosition: {x: -0.012645733, y: 0.15367903, z: 0.0023435978}
  m_LocalScale: {x: 1, y: 1, z: 1}
  m_Children:
  - {fileID: 4239704317791582}
  m_Father: {fileID: 4151998268991564}
  m_RootOrder: 1
  m_LocalEulerAnglesHint: {x: 0, y: 0, z: 0}
--- !u!4 &4856057196502808
Transform:
  m_ObjectHideFlags: 1
  m_PrefabParentObject: {fileID: 0}
  m_PrefabInternal: {fileID: 100100000}
  m_GameObject: {fileID: 1517181078838776}
  m_LocalRotation: {x: 0.00000020929724, y: 0.027605077, z: 0.00000019303712, w: 0.99961895}
  m_LocalPosition: {x: -1.2079227e-16, y: -0.04490162, z: -7.2475363e-16}
  m_LocalScale: {x: 1, y: 1, z: 1}
  m_Children:
  - {fileID: 4546175706119200}
  m_Father: {fileID: 4925355187371982}
  m_RootOrder: 0
  m_LocalEulerAnglesHint: {x: 0, y: 0, z: 0}
--- !u!4 &4873040621748294
Transform:
  m_ObjectHideFlags: 1
  m_PrefabParentObject: {fileID: 0}
  m_PrefabInternal: {fileID: 100100000}
  m_GameObject: {fileID: 1427435961453000}
  m_LocalRotation: {x: -0.013615836, y: 0.045332693, z: 0.011928812, w: 0.99880797}
  m_LocalPosition: {x: -0.00027294428, y: -0.042754862, z: 0.0003862152}
  m_LocalScale: {x: 1, y: 1, z: 1}
  m_Children:
  - {fileID: 4175856739876598}
  m_Father: {fileID: 4653140560214458}
  m_RootOrder: 0
  m_LocalEulerAnglesHint: {x: 0, y: 0, z: 0}
--- !u!4 &4876448330448358
Transform:
  m_ObjectHideFlags: 1
  m_PrefabParentObject: {fileID: 0}
  m_PrefabInternal: {fileID: 100100000}
  m_GameObject: {fileID: 1434421997125090}
  m_LocalRotation: {x: 0.03735187, y: 0.01885834, z: 0.99912125, w: -0.0024282243}
  m_LocalPosition: {x: 0.10889232, y: -0.07238404, z: 0.011925015}
  m_LocalScale: {x: 1, y: 1, z: 1}
  m_Children:
  - {fileID: 4135148048149310}
  m_Father: {fileID: 4435164909087824}
  m_RootOrder: 1
  m_LocalEulerAnglesHint: {x: 0, y: 0, z: 0}
--- !u!4 &4878220154492110
Transform:
  m_ObjectHideFlags: 1
  m_PrefabParentObject: {fileID: 0}
  m_PrefabInternal: {fileID: 100100000}
  m_GameObject: {fileID: 1359550082422914}
  m_LocalRotation: {x: 0.26782423, y: 0.07241143, z: -0.016716989, w: 0.9605974}
  m_LocalPosition: {x: -0.003118699, y: 0.12430103, z: -0.022525692}
  m_LocalScale: {x: 1, y: 1, z: 1}
  m_Children:
  - {fileID: 4260908673557034}
  m_Father: {fileID: 4930905566165820}
  m_RootOrder: 0
  m_LocalEulerAnglesHint: {x: 0, y: 0, z: 0}
--- !u!4 &4910881669846158
Transform:
  m_ObjectHideFlags: 1
  m_PrefabParentObject: {fileID: 0}
  m_PrefabInternal: {fileID: 100100000}
  m_GameObject: {fileID: 1155838438127400}
  m_LocalRotation: {x: 0.00000011689329, y: -0.0020056886, z: -0.00000032422324, w: 0.99999803}
  m_LocalPosition: {x: 2.4158454e-16, y: -0.027737685, z: 0}
  m_LocalScale: {x: 1, y: 1, z: 1}
  m_Children:
  - {fileID: 4678456054924560}
  m_Father: {fileID: 4061876348499042}
  m_RootOrder: 0
  m_LocalEulerAnglesHint: {x: 0, y: 0, z: 0}
--- !u!4 &4925355187371982
Transform:
  m_ObjectHideFlags: 1
  m_PrefabParentObject: {fileID: 0}
  m_PrefabInternal: {fileID: 100100000}
  m_GameObject: {fileID: 1744864187136224}
  m_LocalRotation: {x: 0.9943204, y: 0.04158218, z: -0.09790476, w: -0.0035470387}
  m_LocalPosition: {x: -0.04191537, y: 0.14471564, z: -0.0019743592}
  m_LocalScale: {x: 1, y: 1, z: 1}
  m_Children:
  - {fileID: 4856057196502808}
  m_Father: {fileID: 4151998268991564}
  m_RootOrder: 0
  m_LocalEulerAnglesHint: {x: 0, y: 0, z: 0}
--- !u!4 &4930905566165820
Transform:
  m_ObjectHideFlags: 1
  m_PrefabParentObject: {fileID: 0}
  m_PrefabInternal: {fileID: 100100000}
  m_GameObject: {fileID: 1467786286766634}
  m_LocalRotation: {x: 0.524621, y: 0.013112346, z: -0.07666276, w: 0.84777576}
  m_LocalPosition: {x: 3.0198068e-17, y: 0.4183857, z: -6.228352e-17}
  m_LocalScale: {x: 1, y: 1, z: 1}
  m_Children:
  - {fileID: 4878220154492110}
  m_Father: {fileID: 4405152146193912}
  m_RootOrder: 0
  m_LocalEulerAnglesHint: {x: 0, y: 0, z: 0}
--- !u!4 &4942274067472756
Transform:
  m_ObjectHideFlags: 1
  m_PrefabParentObject: {fileID: 0}
  m_PrefabInternal: {fileID: 100100000}
  m_GameObject: {fileID: 1369463316619294}
  m_LocalRotation: {x: -2.715949e-19, y: 0.0000000026698486, z: -0.000000087187225,
    w: 1}
  m_LocalPosition: {x: -0.00026237033, y: 0.093556166, z: 0.00091709686}
  m_LocalScale: {x: 1, y: 1, z: 1}
  m_Children:
  - {fileID: 4328970227610614}
  m_Father: {fileID: 4435164909087824}
  m_RootOrder: 2
  m_LocalEulerAnglesHint: {x: 0, y: 0, z: 0}
--- !u!4 &4983373267816538
Transform:
  m_ObjectHideFlags: 1
  m_PrefabParentObject: {fileID: 0}
  m_PrefabInternal: {fileID: 100100000}
  m_GameObject: {fileID: 1371762662321596}
  m_LocalRotation: {x: 0.9989801, y: -0.039941665, z: -0.02063143, w: 0.004231562}
  m_LocalPosition: {x: 0.012645733, y: 0.15367903, z: 0.0023435978}
  m_LocalScale: {x: 1, y: 1, z: 1}
  m_Children:
  - {fileID: 4534207462297836}
  m_Father: {fileID: 4556865937681378}
  m_RootOrder: 1
  m_LocalEulerAnglesHint: {x: 0, y: 0, z: 0}
--- !u!54 &54019493976266796
Rigidbody:
  m_ObjectHideFlags: 1
  m_PrefabParentObject: {fileID: 0}
  m_PrefabInternal: {fileID: 100100000}
  m_GameObject: {fileID: 1704259886415182}
  serializedVersion: 2
  m_Mass: 39.0625
  m_Drag: 0
  m_AngularDrag: 0.05
  m_UseGravity: 0
  m_IsKinematic: 1
  m_Interpolate: 0
  m_Constraints: 0
  m_CollisionDetection: 0
--- !u!54 &54264434211426386
Rigidbody:
  m_ObjectHideFlags: 1
  m_PrefabParentObject: {fileID: 0}
  m_PrefabInternal: {fileID: 100100000}
  m_GameObject: {fileID: 1890904243559718}
  serializedVersion: 2
  m_Mass: 23.4375
  m_Drag: 0
  m_AngularDrag: 0.05
  m_UseGravity: 0
  m_IsKinematic: 1
  m_Interpolate: 0
  m_Constraints: 0
  m_CollisionDetection: 0
--- !u!54 &54437536015577896
Rigidbody:
  m_ObjectHideFlags: 1
  m_PrefabParentObject: {fileID: 0}
  m_PrefabInternal: {fileID: 100100000}
  m_GameObject: {fileID: 1843792680933360}
  serializedVersion: 2
  m_Mass: 23.4375
  m_Drag: 0
  m_AngularDrag: 0.05
  m_UseGravity: 0
  m_IsKinematic: 1
  m_Interpolate: 0
  m_Constraints: 0
  m_CollisionDetection: 0
--- !u!54 &54463840706478492
Rigidbody:
  m_ObjectHideFlags: 1
  m_PrefabParentObject: {fileID: 0}
  m_PrefabInternal: {fileID: 100100000}
  m_GameObject: {fileID: 1283104989783898}
  serializedVersion: 2
  m_Mass: 15.625
  m_Drag: 0
  m_AngularDrag: 0.05
  m_UseGravity: 0
  m_IsKinematic: 1
  m_Interpolate: 0
  m_Constraints: 0
  m_CollisionDetection: 0
--- !u!54 &54510318392490928
Rigidbody:
  m_ObjectHideFlags: 1
  m_PrefabParentObject: {fileID: 0}
  m_PrefabInternal: {fileID: 100100000}
  m_GameObject: {fileID: 1494661775216860}
  serializedVersion: 2
  m_Mass: 15.625
  m_Drag: 0
  m_AngularDrag: 0.05
  m_UseGravity: 0
  m_IsKinematic: 1
  m_Interpolate: 0
  m_Constraints: 0
  m_CollisionDetection: 0
--- !u!54 &54552139112020322
Rigidbody:
  m_ObjectHideFlags: 1
  m_PrefabParentObject: {fileID: 0}
  m_PrefabInternal: {fileID: 100100000}
  m_GameObject: {fileID: 1581344811973444}
  serializedVersion: 2
  m_Mass: 15.625
  m_Drag: 0
  m_AngularDrag: 0.05
  m_UseGravity: 0
  m_IsKinematic: 1
  m_Interpolate: 0
  m_Constraints: 0
  m_CollisionDetection: 0
--- !u!54 &54570907181312530
Rigidbody:
  m_ObjectHideFlags: 1
  m_PrefabParentObject: {fileID: 0}
  m_PrefabInternal: {fileID: 100100000}
  m_GameObject: {fileID: 1685493538196436}
  serializedVersion: 2
  m_Mass: 250
  m_Drag: 0
  m_AngularDrag: 0.05
  m_UseGravity: 0
  m_IsKinematic: 0
  m_Interpolate: 0
  m_Constraints: 84
  m_CollisionDetection: 0
--- !u!54 &54644281618886810
Rigidbody:
  m_ObjectHideFlags: 1
  m_PrefabParentObject: {fileID: 0}
  m_PrefabInternal: {fileID: 100100000}
  m_GameObject: {fileID: 1104562507816574}
  serializedVersion: 2
  m_Mass: 23.4375
  m_Drag: 0
  m_AngularDrag: 0.05
  m_UseGravity: 0
  m_IsKinematic: 1
  m_Interpolate: 0
  m_Constraints: 0
  m_CollisionDetection: 0
--- !u!54 &54665223492123904
Rigidbody:
  m_ObjectHideFlags: 1
  m_PrefabParentObject: {fileID: 0}
  m_PrefabInternal: {fileID: 100100000}
  m_GameObject: {fileID: 1654978087617316}
  serializedVersion: 2
  m_Mass: 39.0625
  m_Drag: 0
  m_AngularDrag: 0.05
  m_UseGravity: 0
  m_IsKinematic: 1
  m_Interpolate: 0
  m_Constraints: 0
  m_CollisionDetection: 0
--- !u!54 &54798318914534868
Rigidbody:
  m_ObjectHideFlags: 1
  m_PrefabParentObject: {fileID: 0}
  m_PrefabInternal: {fileID: 100100000}
  m_GameObject: {fileID: 1421248227593320}
  serializedVersion: 2
  m_Mass: 15.625
  m_Drag: 0
  m_AngularDrag: 0.05
  m_UseGravity: 0
  m_IsKinematic: 1
  m_Interpolate: 0
  m_Constraints: 0
  m_CollisionDetection: 0
--- !u!54 &54954325343511072
Rigidbody:
  m_ObjectHideFlags: 1
  m_PrefabParentObject: {fileID: 0}
  m_PrefabInternal: {fileID: 100100000}
  m_GameObject: {fileID: 1434421997125090}
  serializedVersion: 2
  m_Mass: 23.4375
  m_Drag: 0
  m_AngularDrag: 0.05
  m_UseGravity: 0
  m_IsKinematic: 1
  m_Interpolate: 0
  m_Constraints: 0
  m_CollisionDetection: 0
--- !u!54 &54967468593020988
Rigidbody:
  m_ObjectHideFlags: 1
  m_PrefabParentObject: {fileID: 0}
  m_PrefabInternal: {fileID: 100100000}
  m_GameObject: {fileID: 1333844056125566}
  serializedVersion: 2
  m_Mass: 15.625
  m_Drag: 0
  m_AngularDrag: 0.05
  m_UseGravity: 0
  m_IsKinematic: 1
  m_Interpolate: 0
  m_Constraints: 0
  m_CollisionDetection: 0
--- !u!65 &65075780353299218
BoxCollider:
  m_ObjectHideFlags: 1
  m_PrefabParentObject: {fileID: 0}
  m_PrefabInternal: {fileID: 100100000}
  m_GameObject: {fileID: 1704259886415182}
  m_Material: {fileID: 0}
  m_IsTrigger: 0
  m_Enabled: 1
  serializedVersion: 2
  m_Size: {x: 0.4209118, y: 0.26213098, z: 0.26193735}
  m_Center: {x: 0.00069764256, y: 0.13106552, z: -0.04729113}
--- !u!65 &65318455407788670
BoxCollider:
  m_ObjectHideFlags: 1
  m_PrefabParentObject: {fileID: 0}
  m_PrefabInternal: {fileID: 100100000}
  m_GameObject: {fileID: 1654978087617316}
  m_Material: {fileID: 0}
  m_IsTrigger: 0
  m_Enabled: 1
  serializedVersion: 2
  m_Size: {x: 0.4209118, y: 0.2617437, z: 0.26193732}
  m_Center: {x: 0.00011907518, y: 0.058487818, z: -0.04550463}
--- !u!95 &95144790533649212
Animator:
  serializedVersion: 3
  m_ObjectHideFlags: 1
  m_PrefabParentObject: {fileID: 0}
  m_PrefabInternal: {fileID: 100100000}
  m_GameObject: {fileID: 1685493538196436}
  m_Enabled: 1
  m_Avatar: {fileID: 9000000, guid: 39ee287247973ea428b83592b3248bbf, type: 3}
  m_Controller: {fileID: 0}
  m_CullingMode: 1
  m_UpdateMode: 0
  m_ApplyRootMotion: 1
  m_LinearVelocityBlending: 0
  m_WarningMessage: 
  m_HasTransformHierarchy: 1
  m_AllowConstantClipSamplingOptimization: 1
--- !u!114 &114126151474646882
MonoBehaviour:
  m_ObjectHideFlags: 1
  m_PrefabParentObject: {fileID: 0}
  m_PrefabInternal: {fileID: 100100000}
  m_GameObject: {fileID: 1283104989783898}
  m_Enabled: 1
  m_EditorHideFlags: 0
  m_Script: {fileID: 11500000, guid: 9418187f4b6d4e645846622afa833a69, type: 3}
  m_Name: 
  m_EditorClassIdentifier: 
  bone: 15
  rootNode: {fileID: 1685493538196436}
--- !u!114 &114207893315286110
MonoBehaviour:
  m_ObjectHideFlags: 1
  m_PrefabParentObject: {fileID: 0}
  m_PrefabInternal: {fileID: 100100000}
  m_GameObject: {fileID: 1421248227593320}
  m_Enabled: 1
  m_EditorHideFlags: 0
  m_Script: {fileID: 11500000, guid: 9418187f4b6d4e645846622afa833a69, type: 3}
  m_Name: 
  m_EditorClassIdentifier: 
  bone: 0
  rootNode: {fileID: 1685493538196436}
--- !u!114 &114237895453758118
MonoBehaviour:
  m_ObjectHideFlags: 1
  m_PrefabParentObject: {fileID: 0}
  m_PrefabInternal: {fileID: 100100000}
  m_GameObject: {fileID: 1434421997125090}
  m_Enabled: 1
  m_EditorHideFlags: 0
  m_Script: {fileID: 11500000, guid: 9418187f4b6d4e645846622afa833a69, type: 3}
  m_Name: 
  m_EditorClassIdentifier: 
  bone: 2
  rootNode: {fileID: 1685493538196436}
--- !u!114 &114267039495644338
MonoBehaviour:
  m_ObjectHideFlags: 1
  m_PrefabParentObject: {fileID: 0}
  m_PrefabInternal: {fileID: 100100000}
  m_GameObject: {fileID: 1581344811973444}
  m_Enabled: 1
  m_EditorHideFlags: 0
  m_Script: {fileID: 11500000, guid: 9418187f4b6d4e645846622afa833a69, type: 3}
  m_Name: 
  m_EditorClassIdentifier: 
  bone: 13
  rootNode: {fileID: 1685493538196436}
--- !u!114 &114380788054684950
MonoBehaviour:
  m_ObjectHideFlags: 1
  m_PrefabParentObject: {fileID: 0}
  m_PrefabInternal: {fileID: 100100000}
  m_GameObject: {fileID: 1104562507816574}
  m_Enabled: 1
  m_EditorHideFlags: 0
  m_Script: {fileID: 11500000, guid: 9418187f4b6d4e645846622afa833a69, type: 3}
  m_Name: 
  m_EditorClassIdentifier: 
  bone: 3
  rootNode: {fileID: 1685493538196436}
--- !u!114 &114403753014085628
MonoBehaviour:
  m_ObjectHideFlags: 1
  m_PrefabParentObject: {fileID: 0}
  m_PrefabInternal: {fileID: 100100000}
  m_GameObject: {fileID: 1685493538196436}
  m_Enabled: 1
  m_EditorHideFlags: 0
  m_Script: {fileID: 11500000, guid: 1d473f48ec3b49045901c22bf80beb45, type: 3}
  m_Name: 
  m_EditorClassIdentifier: 
  settings: {fileID: 0}
  enemyAnimator: {fileID: 0}
  enemyMotor: {fileID: 0}
  player: {fileID: 0}
  agent: {fileID: 0}
  aiDelay: 0.2
  currentHealth: 0
  attackDelay: 0
  attackDelayRemaining: 0
  movementSpeed: 0
  periodicDamageTimeRemaining: 0
  periodicDamageTickDamage: 0
  fireEffects: {fileID: 0}
  fireSpreadRange: 0.5
  fireSpreadChange: 20
  fireSpeedBonusMultipler: 1.5
  fireSpreadMask:
    serializedVersion: 2
    m_Bits: 0
  enemyCollider: {fileID: 0}
  chest: {fileID: 0}
--- !u!114 &114405059689719056
MonoBehaviour:
  m_ObjectHideFlags: 1
  m_PrefabParentObject: {fileID: 0}
  m_PrefabInternal: {fileID: 100100000}
  m_GameObject: {fileID: 1685493538196436}
  m_Enabled: 1
  m_EditorHideFlags: 0
  m_Script: {fileID: 11500000, guid: 490f0b1759285ed49bd605982da8fa43, type: 3}
  m_Name: 
  m_EditorClassIdentifier: 
  settings: {fileID: 0}
  initalized: 0
  agent: {fileID: 195647483285491380}
  isGrounded: 1
  distanceFromGround: 0
--- !u!114 &114686648743378542
MonoBehaviour:
  m_ObjectHideFlags: 1
  m_PrefabParentObject: {fileID: 0}
  m_PrefabInternal: {fileID: 100100000}
  m_GameObject: {fileID: 1890904243559718}
  m_Enabled: 1
  m_EditorHideFlags: 0
  m_Script: {fileID: 11500000, guid: 9418187f4b6d4e645846622afa833a69, type: 3}
  m_Name: 
  m_EditorClassIdentifier: 
  bone: 1
  rootNode: {fileID: 1685493538196436}
--- !u!114 &114694043957890160
MonoBehaviour:
  m_ObjectHideFlags: 1
  m_PrefabParentObject: {fileID: 0}
  m_PrefabInternal: {fileID: 100100000}
  m_GameObject: {fileID: 1685493538196436}
  m_Enabled: 1
  m_EditorHideFlags: 0
  m_Script: {fileID: 11500000, guid: abb1d8f021ddc8a4cb38922f45c90d21, type: 3}
  m_Name: 
  m_EditorClassIdentifier: 
  animator: {fileID: 0}
  startAsRagdoll: 0
  rootBone: {fileID: 4435164909087824}
  speed: 0
  animationProperties:
    hasAnimations: 0
    animator: {fileID: 0}
    leftHandIKTarget: {x: 0, y: 0, z: 0}
    leftHandWeight: 0
    rightHandIKTarget: {x: 0, y: 0, z: 0}
    rightHandWeight: 0
    leftFootIKTarget: {x: 0, y: 0, z: 0}
    leftFootWeight: 0
    rightFootIKTarget: {x: 0, y: 0, z: 0}
    rightFootWeight: 0
    headLookTarget: {x: 0, y: 0, z: 0}
    headLookWeight: 0
    spineIKRotation: {x: 0, y: 0, z: 0}
  updateIK: 0
--- !u!114 &114741207998510260
MonoBehaviour:
  m_ObjectHideFlags: 1
  m_PrefabParentObject: {fileID: 0}
  m_PrefabInternal: {fileID: 100100000}
  m_GameObject: {fileID: 1333844056125566}
  m_Enabled: 1
  m_EditorHideFlags: 0
  m_Script: {fileID: 11500000, guid: 9418187f4b6d4e645846622afa833a69, type: 3}
  m_Name: 
  m_EditorClassIdentifier: 
  bone: 16
  rootNode: {fileID: 1685493538196436}
--- !u!114 &114767303137438890
MonoBehaviour:
  m_ObjectHideFlags: 1
  m_PrefabParentObject: {fileID: 0}
  m_PrefabInternal: {fileID: 100100000}
  m_GameObject: {fileID: 1654978087617316}
  m_Enabled: 1
  m_EditorHideFlags: 0
  m_Script: {fileID: 11500000, guid: 9418187f4b6d4e645846622afa833a69, type: 3}
  m_Name: 
  m_EditorClassIdentifier: 
  bone: 0
  rootNode: {fileID: 1685493538196436}
--- !u!114 &114883685011213816
MonoBehaviour:
  m_ObjectHideFlags: 1
  m_PrefabParentObject: {fileID: 0}
  m_PrefabInternal: {fileID: 100100000}
  m_GameObject: {fileID: 1494661775216860}
  m_Enabled: 1
  m_EditorHideFlags: 0
  m_Script: {fileID: 11500000, guid: 9418187f4b6d4e645846622afa833a69, type: 3}
  m_Name: 
  m_EditorClassIdentifier: 
  bone: 14
  rootNode: {fileID: 1685493538196436}
--- !u!114 &114907276073668694
MonoBehaviour:
  m_ObjectHideFlags: 1
  m_PrefabParentObject: {fileID: 0}
  m_PrefabInternal: {fileID: 100100000}
  m_GameObject: {fileID: 1685493538196436}
  m_Enabled: 1
  m_EditorHideFlags: 0
  m_Script: {fileID: 11500000, guid: 064d45039fbf70045a6e4e1c1cbaab82, type: 3}
  m_Name: 
  m_EditorClassIdentifier: 
  updatingLOD: 1
  lodUpdateTime: 0.3
  drawDistances:
  - 0
  - 5
  - 15
  lodMeshes:
  - {fileID: 4300000, guid: 2142c7682b33ae44b9842bc9a6a5dd68, type: 2}
  - {fileID: 4300000, guid: 615d992a27c31c44cafaf755e2a139df, type: 2}
  - {fileID: 4300000, guid: 606189717cd654a448150ffbddf1aded, type: 2}
  mesh: {fileID: 137350829349327324}
  currentLOD: 0
--- !u!114 &114918731967907108
MonoBehaviour:
  m_ObjectHideFlags: 1
  m_PrefabParentObject: {fileID: 0}
  m_PrefabInternal: {fileID: 100100000}
  m_GameObject: {fileID: 1843792680933360}
  m_Enabled: 1
  m_EditorHideFlags: 0
  m_Script: {fileID: 11500000, guid: 9418187f4b6d4e645846622afa833a69, type: 3}
  m_Name: 
  m_EditorClassIdentifier: 
  bone: 4
  rootNode: {fileID: 1685493538196436}
--- !u!114 &114964273142273806
MonoBehaviour:
  m_ObjectHideFlags: 1
  m_PrefabParentObject: {fileID: 0}
  m_PrefabInternal: {fileID: 100100000}
  m_GameObject: {fileID: 1704259886415182}
  m_Enabled: 1
  m_EditorHideFlags: 0
  m_Script: {fileID: 11500000, guid: 9418187f4b6d4e645846622afa833a69, type: 3}
  m_Name: 
  m_EditorClassIdentifier: 
  bone: 7
  rootNode: {fileID: 1685493538196436}
--- !u!135 &135032143778823244
SphereCollider:
  m_ObjectHideFlags: 1
  m_PrefabParentObject: {fileID: 0}
  m_PrefabInternal: {fileID: 100100000}
  m_GameObject: {fileID: 1421248227593320}
  m_Material: {fileID: 0}
  m_IsTrigger: 0
  m_Enabled: 1
  serializedVersion: 2
  m_Radius: 0.13
  m_Center: {x: 0, y: 0, z: 0}
--- !u!136 &136019004225125684
CapsuleCollider:
  m_ObjectHideFlags: 1
  m_PrefabParentObject: {fileID: 0}
  m_PrefabInternal: {fileID: 100100000}
  m_GameObject: {fileID: 1843792680933360}
  m_Material: {fileID: 0}
  m_IsTrigger: 0
  m_Enabled: 1
  m_Radius: 0.12331206
  m_Height: 0.49324825
  m_Direction: 1
  m_Center: {x: 0, y: 0.24662413, z: 0}
--- !u!136 &136129577699630846
CapsuleCollider:
  m_ObjectHideFlags: 1
  m_PrefabParentObject: {fileID: 0}
  m_PrefabInternal: {fileID: 100100000}
  m_GameObject: {fileID: 1104562507816574}
  m_Material: {fileID: 0}
  m_IsTrigger: 0
  m_Enabled: 1
  m_Radius: 0.123312145
  m_Height: 0.49324858
  m_Direction: 1
  m_Center: {x: 0, y: 0.24662429, z: 0}
--- !u!136 &136480151466835212
CapsuleCollider:
  m_ObjectHideFlags: 1
  m_PrefabParentObject: {fileID: 0}
  m_PrefabInternal: {fileID: 100100000}
  m_GameObject: {fileID: 1283104989783898}
  m_Material: {fileID: 0}
  m_IsTrigger: 0
  m_Enabled: 1
  m_Radius: 0.10386534
  m_Height: 0.5193267
  m_Direction: 1
  m_Center: {x: 0, y: 0.25966334, z: 0}
--- !u!136 &136586637615897094
CapsuleCollider:
  m_ObjectHideFlags: 1
  m_PrefabParentObject: {fileID: 0}
  m_PrefabInternal: {fileID: 100100000}
  m_GameObject: {fileID: 1581344811973444}
  m_Material: {fileID: 0}
  m_IsTrigger: 0
  m_Enabled: 1
  m_Radius: 0.05577049
  m_Height: 0.22308196
  m_Direction: 1
  m_Center: {x: 0, y: 0.11154098, z: 0}
--- !u!136 &136640701147644980
CapsuleCollider:
  m_ObjectHideFlags: 1
  m_PrefabParentObject: {fileID: 0}
  m_PrefabInternal: {fileID: 100100000}
  m_GameObject: {fileID: 1890904243559718}
  m_Material: {fileID: 0}
  m_IsTrigger: 0
  m_Enabled: 1
  m_Radius: 0.116604455
  m_Height: 0.3886815
  m_Direction: 1
  m_Center: {x: 0, y: 0.19434075, z: 0}
--- !u!136 &136661827318080370
CapsuleCollider:
  m_ObjectHideFlags: 1
  m_PrefabParentObject: {fileID: 0}
  m_PrefabInternal: {fileID: 100100000}
  m_GameObject: {fileID: 1494661775216860}
  m_Material: {fileID: 0}
  m_IsTrigger: 0
  m_Enabled: 1
  m_Radius: 0.055770483
  m_Height: 0.22308193
  m_Direction: 1
  m_Center: {x: 0, y: 0.111540966, z: 0}
--- !u!136 &136755301703635866
CapsuleCollider:
  m_ObjectHideFlags: 1
  m_PrefabParentObject: {fileID: 0}
  m_PrefabInternal: {fileID: 100100000}
  m_GameObject: {fileID: 1333844056125566}
  m_Material: {fileID: 0}
  m_IsTrigger: 0
  m_Enabled: 1
  m_Radius: 0.10386515
  m_Height: 0.51932573
  m_Direction: 1
  m_Center: {x: 0, y: 0.25966287, z: 0}
--- !u!136 &136774794670380436
CapsuleCollider:
  m_ObjectHideFlags: 1
  m_PrefabParentObject: {fileID: 0}
  m_PrefabInternal: {fileID: 100100000}
  m_GameObject: {fileID: 1434421997125090}
  m_Material: {fileID: 0}
  m_IsTrigger: 0
  m_Enabled: 1
  m_Radius: 0.11660444
  m_Height: 0.38868144
  m_Direction: 1
  m_Center: {x: 0, y: 0.19434072, z: 0}
--- !u!137 &137350829349327324
SkinnedMeshRenderer:
  m_ObjectHideFlags: 1
  m_PrefabParentObject: {fileID: 0}
  m_PrefabInternal: {fileID: 100100000}
  m_GameObject: {fileID: 1685493538196436}
  m_Enabled: 1
  m_CastShadows: 1
  m_ReceiveShadows: 1
  m_MotionVectors: 1
  m_LightProbeUsage: 1
  m_ReflectionProbeUsage: 1
  m_Materials:
  - {fileID: 2100000, guid: 46ddf367a8d176e4288a97f7c8d5c4fb, type: 2}
  m_StaticBatchInfo:
    firstSubMesh: 0
    subMeshCount: 0
  m_StaticBatchRoot: {fileID: 0}
  m_ProbeAnchor: {fileID: 0}
  m_LightProbeVolumeOverride: {fileID: 0}
  m_ScaleInLightmap: 1
  m_PreserveUVs: 0
  m_IgnoreNormalsForChartDetection: 0
  m_ImportantGI: 0
  m_SelectedEditorRenderState: 3
  m_MinimumChartSize: 4
  m_AutoUVMaxDistance: 0.5
  m_AutoUVMaxAngle: 89
  m_LightmapParameters: {fileID: 0}
  m_SortingLayerID: 0
  m_SortingOrder: 0
  serializedVersion: 2
  m_Quality: 0
  m_UpdateWhenOffscreen: 0
  m_SkinnedMotionVectors: 1
  m_Mesh: {fileID: 4300000, guid: 2142c7682b33ae44b9842bc9a6a5dd68, type: 2}
  m_Bones:
  - {fileID: 4435164909087824}
  - {fileID: 4942274067472756}
  - {fileID: 4328970227610614}
  - {fileID: 4308168062200532}
  - {fileID: 4037302925581616}
  - {fileID: 4726721374263538}
  - {fileID: 4497195035077708}
  - {fileID: 4151998268991564}
  - {fileID: 4304611240836872}
  - {fileID: 4181580260154826}
  - {fileID: 4653256669599134}
  - {fileID: 4516042514846698}
  - {fileID: 4925355187371982}
  - {fileID: 4856057196502808}
  - {fileID: 4546175706119200}
  - {fileID: 4017435656957274}
  - {fileID: 4838411009092582}
  - {fileID: 4239704317791582}
  - {fileID: 4254696831195634}
  - {fileID: 4703361989301368}
  - {fileID: 4757840097394860}
  - {fileID: 4106348188734412}
  - {fileID: 4695608099077564}
  - {fileID: 4609686037989320}
  - {fileID: 4737749308415754}
  - {fileID: 4061876348499042}
  - {fileID: 4910881669846158}
  - {fileID: 4678456054924560}
  - {fileID: 4378680286482724}
  - {fileID: 4157873082607286}
  - {fileID: 4617401053531088}
  - {fileID: 4387774327581798}
  - {fileID: 4772516112936742}
  - {fileID: 4395264615262582}
  - {fileID: 4556865937681378}
  - {fileID: 4215713341282080}
  - {fileID: 4660739442718370}
  - {fileID: 4328195518778884}
  - {fileID: 4714164100017100}
  - {fileID: 4343599671687564}
  - {fileID: 4534573766462884}
  - {fileID: 4615759782516382}
  - {fileID: 4671684596567046}
  - {fileID: 4983373267816538}
  - {fileID: 4534207462297836}
  - {fileID: 4464483122982432}
  - {fileID: 4550571083997538}
  - {fileID: 4791522570049292}
  - {fileID: 4653140560214458}
  - {fileID: 4873040621748294}
  - {fileID: 4175856739876598}
  - {fileID: 4137447094852230}
  - {fileID: 4583928154315480}
  - {fileID: 4479473749309872}
  - {fileID: 4219077052958762}
  - {fileID: 4459156141762204}
  - {fileID: 4405152146193912}
  - {fileID: 4930905566165820}
  - {fileID: 4878220154492110}
  - {fileID: 4260908673557034}
  - {fileID: 4876448330448358}
  - {fileID: 4135148048149310}
  - {fileID: 4705672052997560}
  - {fileID: 4001558065529508}
  - {fileID: 4088719029574394}
  m_BlendShapeWeights: []
  m_RootBone: {fileID: 0}
  m_AABB:
    m_Center: {x: -0.000000029802322, y: 0.81798047, z: -0.012451358}
    m_Extent: {x: 0.95410085, y: 0.92339617, z: 0.26069883}
  m_DirtyAABB: 0
--- !u!144 &144112612168143262
CharacterJoint:
  m_ObjectHideFlags: 1
  m_PrefabParentObject: {fileID: 0}
  m_PrefabInternal: {fileID: 100100000}
  m_GameObject: {fileID: 1283104989783898}
  m_ConnectedBody: {fileID: 54552139112020322}
  m_Anchor: {x: 0, y: 0, z: 0}
  m_Axis: {x: 1, y: 0, z: 0}
  m_AutoConfigureConnectedAnchor: 1
  m_ConnectedAnchor: {x: 0.000000052154064, y: 0.22308198, z: 0.000000067055225}
  serializedVersion: 2
  m_SwingAxis: {x: 0, y: 0, z: -1}
  m_TwistLimitSpring:
    spring: 0
    damper: 0
  m_LowTwistLimit:
    limit: -90
    bounciness: 0
    contactDistance: 0
  m_HighTwistLimit:
    limit: 0
    bounciness: 0
    contactDistance: 0
  m_SwingLimitSpring:
    spring: 0
    damper: 0
  m_Swing1Limit:
    limit: 0
    bounciness: 0
    contactDistance: 0
  m_Swing2Limit:
    limit: 0
    bounciness: 0
    contactDistance: 0
  m_EnableProjection: 0
  m_ProjectionDistance: 0.1
  m_ProjectionAngle: 180
  m_BreakForce: Infinity
  m_BreakTorque: Infinity
  m_EnableCollision: 0
  m_EnablePreprocessing: 0
--- !u!144 &144115101805333524
CharacterJoint:
  m_ObjectHideFlags: 1
  m_PrefabParentObject: {fileID: 0}
  m_PrefabInternal: {fileID: 100100000}
  m_GameObject: {fileID: 1494661775216860}
  m_ConnectedBody: {fileID: 54019493976266796}
  m_Anchor: {x: 0, y: 0, z: 0}
  m_Axis: {x: 0, y: 0, z: -1}
  m_AutoConfigureConnectedAnchor: 1
  m_ConnectedAnchor: {x: 0.21115354, y: 0.262131, z: -0.10472076}
  serializedVersion: 2
  m_SwingAxis: {x: -1, y: 0, z: 0}
  m_TwistLimitSpring:
    spring: 0
    damper: 0
  m_LowTwistLimit:
    limit: -70
    bounciness: 0
    contactDistance: 0
  m_HighTwistLimit:
    limit: 10
    bounciness: 0
    contactDistance: 0
  m_SwingLimitSpring:
    spring: 0
    damper: 0
  m_Swing1Limit:
    limit: 50
    bounciness: 0
    contactDistance: 0
  m_Swing2Limit:
    limit: 0
    bounciness: 0
    contactDistance: 0
  m_EnableProjection: 0
  m_ProjectionDistance: 0.1
  m_ProjectionAngle: 180
  m_BreakForce: Infinity
  m_BreakTorque: Infinity
  m_EnableCollision: 0
  m_EnablePreprocessing: 0
--- !u!144 &144379355202885786
CharacterJoint:
  m_ObjectHideFlags: 1
  m_PrefabParentObject: {fileID: 0}
  m_PrefabInternal: {fileID: 100100000}
  m_GameObject: {fileID: 1421248227593320}
  m_ConnectedBody: {fileID: 54019493976266796}
  m_Anchor: {x: 0, y: 0, z: 0}
  m_Axis: {x: 1, y: 0, z: 0}
  m_AutoConfigureConnectedAnchor: 1
  m_ConnectedAnchor: {x: -0.0007719571, y: 0.41594604, z: 0.025510956}
  serializedVersion: 2
  m_SwingAxis: {x: 0, y: 0, z: 1}
  m_TwistLimitSpring:
    spring: 0
    damper: 0
  m_LowTwistLimit:
    limit: -40
    bounciness: 0
    contactDistance: 0
  m_HighTwistLimit:
    limit: 25
    bounciness: 0
    contactDistance: 0
  m_SwingLimitSpring:
    spring: 0
    damper: 0
  m_Swing1Limit:
    limit: 25
    bounciness: 0
    contactDistance: 0
  m_Swing2Limit:
    limit: 0
    bounciness: 0
    contactDistance: 0
  m_EnableProjection: 0
  m_ProjectionDistance: 0.1
  m_ProjectionAngle: 180
  m_BreakForce: Infinity
  m_BreakTorque: Infinity
  m_EnableCollision: 0
  m_EnablePreprocessing: 0
--- !u!144 &144395604822216996
CharacterJoint:
  m_ObjectHideFlags: 1
  m_PrefabParentObject: {fileID: 0}
  m_PrefabInternal: {fileID: 100100000}
  m_GameObject: {fileID: 1890904243559718}
  m_ConnectedBody: {fileID: 54665223492123904}
  m_Anchor: {x: 0, y: 0, z: 0}
  m_Axis: {x: -1, y: 0, z: 0}
  m_AutoConfigureConnectedAnchor: 1
  m_ConnectedAnchor: {x: -0.10865424, y: -0.07238404, z: 0.011925015}
  serializedVersion: 2
  m_SwingAxis: {x: 0, y: 0, z: 1}
  m_TwistLimitSpring:
    spring: 0
    damper: 0
  m_LowTwistLimit:
    limit: -20
    bounciness: 0
    contactDistance: 0
  m_HighTwistLimit:
    limit: 70
    bounciness: 0
    contactDistance: 0
  m_SwingLimitSpring:
    spring: 0
    damper: 0
  m_Swing1Limit:
    limit: 30
    bounciness: 0
    contactDistance: 0
  m_Swing2Limit:
    limit: 0
    bounciness: 0
    contactDistance: 0
  m_EnableProjection: 0
  m_ProjectionDistance: 0.1
  m_ProjectionAngle: 180
  m_BreakForce: Infinity
  m_BreakTorque: Infinity
  m_EnableCollision: 0
  m_EnablePreprocessing: 0
--- !u!144 &144491293077416584
CharacterJoint:
  m_ObjectHideFlags: 1
  m_PrefabParentObject: {fileID: 0}
  m_PrefabInternal: {fileID: 100100000}
  m_GameObject: {fileID: 1581344811973444}
  m_ConnectedBody: {fileID: 54019493976266796}
  m_Anchor: {x: 0, y: 0, z: 0}
  m_Axis: {x: 0, y: 0, z: -1}
  m_AutoConfigureConnectedAnchor: 1
  m_ConnectedAnchor: {x: -0.20975825, y: 0.26213077, z: -0.10472074}
  serializedVersion: 2
  m_SwingAxis: {x: 1, y: 0, z: 0}
  m_TwistLimitSpring:
    spring: 0
    damper: 0
  m_LowTwistLimit:
    limit: -70
    bounciness: 0
    contactDistance: 0
  m_HighTwistLimit:
    limit: 10
    bounciness: 0
    contactDistance: 0
  m_SwingLimitSpring:
    spring: 0
    damper: 0
  m_Swing1Limit:
    limit: 50
    bounciness: 0
    contactDistance: 0
  m_Swing2Limit:
    limit: 0
    bounciness: 0
    contactDistance: 0
  m_EnableProjection: 0
  m_ProjectionDistance: 0.1
  m_ProjectionAngle: 180
  m_BreakForce: Infinity
  m_BreakTorque: Infinity
  m_EnableCollision: 0
  m_EnablePreprocessing: 0
--- !u!144 &144704280790184508
CharacterJoint:
  m_ObjectHideFlags: 1
  m_PrefabParentObject: {fileID: 0}
  m_PrefabInternal: {fileID: 100100000}
  m_GameObject: {fileID: 1434421997125090}
  m_ConnectedBody: {fileID: 54665223492123904}
  m_Anchor: {x: 0, y: 0, z: 0}
  m_Axis: {x: -1, y: 0, z: 0}
  m_AutoConfigureConnectedAnchor: 1
  m_ConnectedAnchor: {x: 0.108892225, y: -0.07238402, z: 0.011925015}
  serializedVersion: 2
  m_SwingAxis: {x: 0, y: 0, z: 1}
  m_TwistLimitSpring:
    spring: 0
    damper: 0
  m_LowTwistLimit:
    limit: -20
    bounciness: 0
    contactDistance: 0
  m_HighTwistLimit:
    limit: 70
    bounciness: 0
    contactDistance: 0
  m_SwingLimitSpring:
    spring: 0
    damper: 0
  m_Swing1Limit:
    limit: 30
    bounciness: 0
    contactDistance: 0
  m_Swing2Limit:
    limit: 0
    bounciness: 0
    contactDistance: 0
  m_EnableProjection: 0
  m_ProjectionDistance: 0.1
  m_ProjectionAngle: 180
  m_BreakForce: Infinity
  m_BreakTorque: Infinity
  m_EnableCollision: 0
  m_EnablePreprocessing: 0
--- !u!144 &144735875652723754
CharacterJoint:
  m_ObjectHideFlags: 1
  m_PrefabParentObject: {fileID: 0}
  m_PrefabInternal: {fileID: 100100000}
  m_GameObject: {fileID: 1843792680933360}
  m_ConnectedBody: {fileID: 54954325343511072}
  m_Anchor: {x: 0, y: 0, z: 0}
  m_Axis: {x: -1, y: 0, z: 0}
  m_AutoConfigureConnectedAnchor: 1
  m_ConnectedAnchor: {x: -0.00000009033829, y: 0.38868144, z: 0.0000000055879354}
  serializedVersion: 2
  m_SwingAxis: {x: 0, y: 0, z: 1}
  m_TwistLimitSpring:
    spring: 0
    damper: 0
  m_LowTwistLimit:
    limit: -80
    bounciness: 0
    contactDistance: 0
  m_HighTwistLimit:
    limit: 0
    bounciness: 0
    contactDistance: 0
  m_SwingLimitSpring:
    spring: 0
    damper: 0
  m_Swing1Limit:
    limit: 0
    bounciness: 0
    contactDistance: 0
  m_Swing2Limit:
    limit: 0
    bounciness: 0
    contactDistance: 0
  m_EnableProjection: 0
  m_ProjectionDistance: 0.1
  m_ProjectionAngle: 180
  m_BreakForce: Infinity
  m_BreakTorque: Infinity
  m_EnableCollision: 0
  m_EnablePreprocessing: 0
--- !u!144 &144831314458386312
CharacterJoint:
  m_ObjectHideFlags: 1
  m_PrefabParentObject: {fileID: 0}
  m_PrefabInternal: {fileID: 100100000}
  m_GameObject: {fileID: 1104562507816574}
  m_ConnectedBody: {fileID: 54264434211426386}
  m_Anchor: {x: 0, y: 0, z: 0}
  m_Axis: {x: -1, y: 0, z: 0}
  m_AutoConfigureConnectedAnchor: 1
  m_ConnectedAnchor: {x: 0.0000004048925, y: 0.3886815, z: 0.000000028871}
  serializedVersion: 2
  m_SwingAxis: {x: 0, y: 0, z: 1}
  m_TwistLimitSpring:
    spring: 0
    damper: 0
  m_LowTwistLimit:
    limit: -80
    bounciness: 0
    contactDistance: 0
  m_HighTwistLimit:
    limit: 0
    bounciness: 0
    contactDistance: 0
  m_SwingLimitSpring:
    spring: 0
    damper: 0
  m_Swing1Limit:
    limit: 0
    bounciness: 0
    contactDistance: 0
  m_Swing2Limit:
    limit: 0
    bounciness: 0
    contactDistance: 0
  m_EnableProjection: 0
  m_ProjectionDistance: 0.1
  m_ProjectionAngle: 180
  m_BreakForce: Infinity
  m_BreakTorque: Infinity
  m_EnableCollision: 0
  m_EnablePreprocessing: 0
--- !u!144 &144848726696748610
CharacterJoint:
  m_ObjectHideFlags: 1
  m_PrefabParentObject: {fileID: 0}
  m_PrefabInternal: {fileID: 100100000}
  m_GameObject: {fileID: 1704259886415182}
  m_ConnectedBody: {fileID: 54665223492123904}
  m_Anchor: {x: 0, y: 0, z: 0}
  m_Axis: {x: 1, y: 0, z: 0}
  m_AutoConfigureConnectedAnchor: 1
  m_ConnectedAnchor: {x: -0.00057905196, y: 0.18935966, z: 0.0017865095}
  serializedVersion: 2
  m_SwingAxis: {x: 0, y: 0, z: 1}
  m_TwistLimitSpring:
    spring: 0
    damper: 0
  m_LowTwistLimit:
    limit: -20
    bounciness: 0
    contactDistance: 0
  m_HighTwistLimit:
    limit: 20
    bounciness: 0
    contactDistance: 0
  m_SwingLimitSpring:
    spring: 0
    damper: 0
  m_Swing1Limit:
    limit: 10
    bounciness: 0
    contactDistance: 0
  m_Swing2Limit:
    limit: 0
    bounciness: 0
    contactDistance: 0
  m_EnableProjection: 0
  m_ProjectionDistance: 0.1
  m_ProjectionAngle: 180
  m_BreakForce: Infinity
  m_BreakTorque: Infinity
  m_EnableCollision: 0
  m_EnablePreprocessing: 0
--- !u!144 &144921846355480940
CharacterJoint:
  m_ObjectHideFlags: 1
  m_PrefabParentObject: {fileID: 0}
  m_PrefabInternal: {fileID: 100100000}
  m_GameObject: {fileID: 1333844056125566}
  m_ConnectedBody: {fileID: 54510318392490928}
  m_Anchor: {x: 0, y: 0, z: 0}
  m_Axis: {x: -1, y: 0, z: 0}
  m_AutoConfigureConnectedAnchor: 1
  m_ConnectedAnchor: {x: -0.000000011175871, y: 0.22308196, z: -0.000000029802322}
  serializedVersion: 2
  m_SwingAxis: {x: 0, y: 0, z: -1}
  m_TwistLimitSpring:
    spring: 0
    damper: 0
  m_LowTwistLimit:
    limit: -90
    bounciness: 0
    contactDistance: 0
  m_HighTwistLimit:
    limit: 0
    bounciness: 0
    contactDistance: 0
  m_SwingLimitSpring:
    spring: 0
    damper: 0
  m_Swing1Limit:
    limit: 0
    bounciness: 0
    contactDistance: 0
  m_Swing2Limit:
    limit: 0
    bounciness: 0
    contactDistance: 0
  m_EnableProjection: 0
  m_ProjectionDistance: 0.1
  m_ProjectionAngle: 180
  m_BreakForce: Infinity
  m_BreakTorque: Infinity
  m_EnableCollision: 0
  m_EnablePreprocessing: 0
--- !u!195 &195647483285491380
NavMeshAgent:
  m_ObjectHideFlags: 1
  m_PrefabParentObject: {fileID: 0}
  m_PrefabInternal: {fileID: 100100000}
  m_GameObject: {fileID: 1685493538196436}
  m_Enabled: 1
  m_Radius: 0.3
  m_Speed: 2
  m_Acceleration: 8
  avoidancePriority: 50
  m_AngularSpeed: 120
  m_StoppingDistance: 0
  m_AutoTraverseOffMeshLink: 1
  m_AutoBraking: 1
  m_AutoRepath: 1
  m_Height: 1.7
  m_BaseOffset: 0
  m_WalkableMask: 4294967295
  m_ObstacleAvoidanceType: 4
