%YAML 1.1
%TAG !u! tag:unity3d.com,2011:
--- !u!1001 &100100000
Prefab:
  m_ObjectHideFlags: 1
  serializedVersion: 2
  m_Modification:
    m_TransformParent: {fileID: 0}
    m_Modifications: []
    m_RemovedComponents: []
  m_ParentPrefab: {fileID: 0}
  m_RootGameObject: {fileID: 1000014103169148}
  m_IsPrefabParent: 1
--- !u!1 &1000010013021528
GameObject:
  m_ObjectHideFlags: 1
  m_PrefabParentObject: {fileID: 0}
  m_PrefabInternal: {fileID: 100100000}
  serializedVersion: 4
  m_Component:
  - 4: {fileID: 4000010199928718}
  m_Layer: 0
  m_Name: Bone_003_R
  m_TagString: Untagged
  m_Icon: {fileID: 0}
  m_NavMeshLayer: 0
  m_StaticEditorFlags: 0
  m_IsActive: 1
--- !u!1 &1000010206292646
GameObject:
  m_ObjectHideFlags: 1
  m_PrefabParentObject: {fileID: 0}
  m_PrefabInternal: {fileID: 100100000}
  serializedVersion: 4
  m_Component:
  - 4: {fileID: 4000013558291142}
  m_Layer: 0
  m_Name: Bone_003_R_006
  m_TagString: Untagged
  m_Icon: {fileID: 0}
  m_NavMeshLayer: 0
  m_StaticEditorFlags: 0
  m_IsActive: 1
--- !u!1 &1000010269120486
GameObject:
  m_ObjectHideFlags: 1
  m_PrefabParentObject: {fileID: 0}
  m_PrefabInternal: {fileID: 100100000}
  serializedVersion: 4
  m_Component:
  - 4: {fileID: 4000012526679306}
  m_Layer: 0
  m_Name: Bone_003_L_005
  m_TagString: Untagged
  m_Icon: {fileID: 0}
  m_NavMeshLayer: 0
  m_StaticEditorFlags: 0
  m_IsActive: 1
--- !u!1 &1000010595793600
GameObject:
  m_ObjectHideFlags: 1
  m_PrefabParentObject: {fileID: 0}
  m_PrefabInternal: {fileID: 100100000}
  serializedVersion: 4
  m_Component:
  - 4: {fileID: 4000010555563706}
  m_Layer: 0
  m_Name: Bone_002_R_001
  m_TagString: Untagged
  m_Icon: {fileID: 0}
  m_NavMeshLayer: 0
  m_StaticEditorFlags: 0
  m_IsActive: 1
--- !u!1 &1000010672445612
GameObject:
  m_ObjectHideFlags: 1
  m_PrefabParentObject: {fileID: 0}
  m_PrefabInternal: {fileID: 100100000}
  serializedVersion: 4
  m_Component:
  - 4: {fileID: 4000013648281392}
  m_Layer: 0
  m_Name: Bone_003_R_012
  m_TagString: Untagged
  m_Icon: {fileID: 0}
  m_NavMeshLayer: 0
  m_StaticEditorFlags: 0
  m_IsActive: 1
--- !u!1 &1000010703256662
GameObject:
  m_ObjectHideFlags: 1
  m_PrefabParentObject: {fileID: 0}
  m_PrefabInternal: {fileID: 100100000}
  serializedVersion: 4
  m_Component:
  - 4: {fileID: 4000010233968982}
  m_Layer: 0
  m_Name: Bone_002_L
  m_TagString: Untagged
  m_Icon: {fileID: 0}
  m_NavMeshLayer: 0
  m_StaticEditorFlags: 0
  m_IsActive: 1
--- !u!1 &1000010871368968
GameObject:
  m_ObjectHideFlags: 1
  m_PrefabParentObject: {fileID: 0}
  m_PrefabInternal: {fileID: 100100000}
  serializedVersion: 4
  m_Component:
  - 4: {fileID: 4000012269982722}
  m_Layer: 0
  m_Name: Bone_003_L_009
  m_TagString: Untagged
  m_Icon: {fileID: 0}
  m_NavMeshLayer: 0
  m_StaticEditorFlags: 0
  m_IsActive: 1
--- !u!1 &1000011010903784
GameObject:
  m_ObjectHideFlags: 1
  m_PrefabParentObject: {fileID: 0}
  m_PrefabInternal: {fileID: 100100000}
  serializedVersion: 4
  m_Component:
  - 4: {fileID: 4000011889086478}
  m_Layer: 0
  m_Name: Bone_003_R_010
  m_TagString: Untagged
  m_Icon: {fileID: 0}
  m_NavMeshLayer: 0
  m_StaticEditorFlags: 0
  m_IsActive: 1
--- !u!1 &1000011071390998
GameObject:
  m_ObjectHideFlags: 1
  m_PrefabParentObject: {fileID: 0}
  m_PrefabInternal: {fileID: 100100000}
  serializedVersion: 4
  m_Component:
  - 4: {fileID: 4000011673895528}
  m_Layer: 0
  m_Name: Bone_003_L_008
  m_TagString: Untagged
  m_Icon: {fileID: 0}
  m_NavMeshLayer: 0
  m_StaticEditorFlags: 0
  m_IsActive: 1
--- !u!1 &1000011073696036
GameObject:
  m_ObjectHideFlags: 1
  m_PrefabParentObject: {fileID: 0}
  m_PrefabInternal: {fileID: 100100000}
  serializedVersion: 4
  m_Component:
  - 4: {fileID: 4000012233060942}
  m_Layer: 0
  m_Name: Bone_003_L
  m_TagString: Untagged
  m_Icon: {fileID: 0}
  m_NavMeshLayer: 0
  m_StaticEditorFlags: 0
  m_IsActive: 1
--- !u!1 &1000011079566628
GameObject:
  m_ObjectHideFlags: 1
  m_PrefabParentObject: {fileID: 0}
  m_PrefabInternal: {fileID: 100100000}
  serializedVersion: 4
  m_Component:
  - 4: {fileID: 4000013211788330}
  m_Layer: 0
  m_Name: Bone_003_L_013
  m_TagString: Untagged
  m_Icon: {fileID: 0}
  m_NavMeshLayer: 0
  m_StaticEditorFlags: 0
  m_IsActive: 1
--- !u!1 &1000011083619712
GameObject:
  m_ObjectHideFlags: 1
  m_PrefabParentObject: {fileID: 0}
  m_PrefabInternal: {fileID: 100100000}
  serializedVersion: 4
  m_Component:
  - 4: {fileID: 4000012860536074}
  m_Layer: 0
  m_Name: Bone_002_L_005
  m_TagString: Untagged
  m_Icon: {fileID: 0}
  m_NavMeshLayer: 0
  m_StaticEditorFlags: 0
  m_IsActive: 1
--- !u!1 &1000011089209214
GameObject:
  m_ObjectHideFlags: 1
  m_PrefabParentObject: {fileID: 0}
  m_PrefabInternal: {fileID: 100100000}
  serializedVersion: 4
  m_Component:
  - 4: {fileID: 4000010301854160}
  m_Layer: 0
  m_Name: pole_L_001
  m_TagString: Untagged
  m_Icon: {fileID: 0}
  m_NavMeshLayer: 0
  m_StaticEditorFlags: 0
  m_IsActive: 1
--- !u!1 &1000011100133044
GameObject:
  m_ObjectHideFlags: 0
  m_PrefabParentObject: {fileID: 0}
  m_PrefabInternal: {fileID: 100100000}
  serializedVersion: 4
  m_Component:
  - 4: {fileID: 4000013755377506}
  - 137: {fileID: 137000014096260822}
  m_Layer: 0
  m_Name: tyrant
  m_TagString: Untagged
  m_Icon: {fileID: 0}
  m_NavMeshLayer: 0
  m_StaticEditorFlags: 0
  m_IsActive: 1
--- !u!1 &1000011224790496
GameObject:
  m_ObjectHideFlags: 1
  m_PrefabParentObject: {fileID: 0}
  m_PrefabInternal: {fileID: 100100000}
  serializedVersion: 4
  m_Component:
  - 4: {fileID: 4000012828723500}
  m_Layer: 0
  m_Name: Bone_003_R_014
  m_TagString: Untagged
  m_Icon: {fileID: 0}
  m_NavMeshLayer: 0
  m_StaticEditorFlags: 0
  m_IsActive: 1
--- !u!1 &1000011250166266
GameObject:
  m_ObjectHideFlags: 1
  m_PrefabParentObject: {fileID: 0}
  m_PrefabInternal: {fileID: 100100000}
  serializedVersion: 4
  m_Component:
  - 4: {fileID: 4000010723218844}
  m_Layer: 0
  m_Name: Bone_003_R_015
  m_TagString: Untagged
  m_Icon: {fileID: 0}
  m_NavMeshLayer: 0
  m_StaticEditorFlags: 0
  m_IsActive: 1
--- !u!1 &1000011355418852
GameObject:
  m_ObjectHideFlags: 1
  m_PrefabParentObject: {fileID: 0}
  m_PrefabInternal: {fileID: 100100000}
  serializedVersion: 4
  m_Component:
  - 4: {fileID: 4000012433258166}
  m_Layer: 0
  m_Name: Bone_003_R_009
  m_TagString: Untagged
  m_Icon: {fileID: 0}
  m_NavMeshLayer: 0
  m_StaticEditorFlags: 0
  m_IsActive: 1
--- !u!1 &1000011491679494
GameObject:
  m_ObjectHideFlags: 1
  m_PrefabParentObject: {fileID: 0}
  m_PrefabInternal: {fileID: 100100000}
  serializedVersion: 4
  m_Component:
  - 4: {fileID: 4000012865845796}
  m_Layer: 0
  m_Name: Bone_003
  m_TagString: Untagged
  m_Icon: {fileID: 0}
  m_NavMeshLayer: 0
  m_StaticEditorFlags: 0
  m_IsActive: 1
--- !u!1 &1000011590059562
GameObject:
  m_ObjectHideFlags: 1
  m_PrefabParentObject: {fileID: 0}
  m_PrefabInternal: {fileID: 100100000}
  serializedVersion: 4
  m_Component:
  - 4: {fileID: 4000013052651148}
  m_Layer: 0
  m_Name: Bone_003_L_006
  m_TagString: Untagged
  m_Icon: {fileID: 0}
  m_NavMeshLayer: 0
  m_StaticEditorFlags: 0
  m_IsActive: 1
--- !u!1 &1000011609044688
GameObject:
  m_ObjectHideFlags: 1
  m_PrefabParentObject: {fileID: 0}
  m_PrefabInternal: {fileID: 100100000}
  serializedVersion: 4
  m_Component:
  - 4: {fileID: 4000014088209770}
  m_Layer: 0
  m_Name: Bone_003_R_005
  m_TagString: Untagged
  m_Icon: {fileID: 0}
  m_NavMeshLayer: 0
  m_StaticEditorFlags: 0
  m_IsActive: 1
--- !u!1 &1000011689133254
GameObject:
  m_ObjectHideFlags: 1
  m_PrefabParentObject: {fileID: 0}
  m_PrefabInternal: {fileID: 100100000}
  serializedVersion: 4
  m_Component:
  - 4: {fileID: 4000014153716146}
  m_Layer: 0
  m_Name: Bone_003_L_018
  m_TagString: Untagged
  m_Icon: {fileID: 0}
  m_NavMeshLayer: 0
  m_StaticEditorFlags: 0
  m_IsActive: 1
--- !u!1 &1000011811490014
GameObject:
  m_ObjectHideFlags: 1
  m_PrefabParentObject: {fileID: 0}
  m_PrefabInternal: {fileID: 100100000}
  serializedVersion: 4
  m_Component:
  - 4: {fileID: 4000012798266708}
  m_Layer: 0
  m_Name: Bone_003_L_010
  m_TagString: Untagged
  m_Icon: {fileID: 0}
  m_NavMeshLayer: 0
  m_StaticEditorFlags: 0
  m_IsActive: 1
--- !u!1 &1000011841190722
GameObject:
  m_ObjectHideFlags: 1
  m_PrefabParentObject: {fileID: 0}
  m_PrefabInternal: {fileID: 100100000}
  serializedVersion: 4
  m_Component:
  - 4: {fileID: 4000011264244176}
  m_Layer: 0
  m_Name: Bone_003_L_007
  m_TagString: Untagged
  m_Icon: {fileID: 0}
  m_NavMeshLayer: 0
  m_StaticEditorFlags: 0
  m_IsActive: 1
--- !u!1 &1000011872040796
GameObject:
  m_ObjectHideFlags: 1
  m_PrefabParentObject: {fileID: 0}
  m_PrefabInternal: {fileID: 100100000}
  serializedVersion: 4
  m_Component:
  - 4: {fileID: 4000013362695364}
  m_Layer: 0
  m_Name: Bone_002_R_004
  m_TagString: Untagged
  m_Icon: {fileID: 0}
  m_NavMeshLayer: 0
  m_StaticEditorFlags: 0
  m_IsActive: 1
--- !u!1 &1000011904510574
GameObject:
  m_ObjectHideFlags: 1
  m_PrefabParentObject: {fileID: 0}
  m_PrefabInternal: {fileID: 100100000}
  serializedVersion: 4
  m_Component:
  - 4: {fileID: 4000012911970018}
  m_Layer: 0
  m_Name: Bone_003_R_008
  m_TagString: Untagged
  m_Icon: {fileID: 0}
  m_NavMeshLayer: 0
  m_StaticEditorFlags: 0
  m_IsActive: 1
--- !u!1 &1000011961700968
GameObject:
  m_ObjectHideFlags: 1
  m_PrefabParentObject: {fileID: 0}
  m_PrefabInternal: {fileID: 100100000}
  serializedVersion: 4
  m_Component:
  - 4: {fileID: 4000010478630822}
  m_Layer: 0
  m_Name: Bone_002_R
  m_TagString: Untagged
  m_Icon: {fileID: 0}
  m_NavMeshLayer: 0
  m_StaticEditorFlags: 0
  m_IsActive: 1
--- !u!1 &1000012089942884
GameObject:
  m_ObjectHideFlags: 1
  m_PrefabParentObject: {fileID: 0}
  m_PrefabInternal: {fileID: 100100000}
  serializedVersion: 4
  m_Component:
  - 4: {fileID: 4000012593783602}
  m_Layer: 0
  m_Name: Bone_003_R_011
  m_TagString: Untagged
  m_Icon: {fileID: 0}
  m_NavMeshLayer: 0
  m_StaticEditorFlags: 0
  m_IsActive: 1
--- !u!1 &1000012154698954
GameObject:
  m_ObjectHideFlags: 1
  m_PrefabParentObject: {fileID: 0}
  m_PrefabInternal: {fileID: 100100000}
  serializedVersion: 4
  m_Component:
  - 4: {fileID: 4000012347123268}
  m_Layer: 0
  m_Name: Bone_002_R_003
  m_TagString: Untagged
  m_Icon: {fileID: 0}
  m_NavMeshLayer: 0
  m_StaticEditorFlags: 0
  m_IsActive: 1
--- !u!1 &1000012155533706
GameObject:
  m_ObjectHideFlags: 1
  m_PrefabParentObject: {fileID: 0}
  m_PrefabInternal: {fileID: 100100000}
  serializedVersion: 4
  m_Component:
  - 4: {fileID: 4000012675113660}
  m_Layer: 0
  m_Name: Bone_004
  m_TagString: Untagged
  m_Icon: {fileID: 0}
  m_NavMeshLayer: 0
  m_StaticEditorFlags: 0
  m_IsActive: 1
--- !u!1 &1000012252255604
GameObject:
  m_ObjectHideFlags: 1
  m_PrefabParentObject: {fileID: 0}
  m_PrefabInternal: {fileID: 100100000}
  serializedVersion: 4
  m_Component:
  - 4: {fileID: 4000010352408922}
  m_Layer: 0
  m_Name: Bone_002_L_004
  m_TagString: Untagged
  m_Icon: {fileID: 0}
  m_NavMeshLayer: 0
  m_StaticEditorFlags: 0
  m_IsActive: 1
--- !u!1 &1000012275106896
GameObject:
  m_ObjectHideFlags: 1
  m_PrefabParentObject: {fileID: 0}
  m_PrefabInternal: {fileID: 100100000}
  serializedVersion: 4
  m_Component:
  - 4: {fileID: 4000012343244340}
  m_Layer: 0
  m_Name: Bone_002_R_005
  m_TagString: Untagged
  m_Icon: {fileID: 0}
  m_NavMeshLayer: 0
  m_StaticEditorFlags: 0
  m_IsActive: 1
--- !u!1 &1000012300615258
GameObject:
  m_ObjectHideFlags: 1
  m_PrefabParentObject: {fileID: 0}
  m_PrefabInternal: {fileID: 100100000}
  serializedVersion: 4
  m_Component:
  - 4: {fileID: 4000010306532380}
  m_Layer: 0
  m_Name: Bone_003_R_004
  m_TagString: Untagged
  m_Icon: {fileID: 0}
  m_NavMeshLayer: 0
  m_StaticEditorFlags: 0
  m_IsActive: 1
--- !u!1 &1000012321662886
GameObject:
  m_ObjectHideFlags: 1
  m_PrefabParentObject: {fileID: 0}
  m_PrefabInternal: {fileID: 100100000}
  serializedVersion: 4
  m_Component:
  - 4: {fileID: 4000010595660628}
  m_Layer: 0
  m_Name: Bone_003_L_016
  m_TagString: Untagged
  m_Icon: {fileID: 0}
  m_NavMeshLayer: 0
  m_StaticEditorFlags: 0
  m_IsActive: 1
--- !u!1 &1000012333100594
GameObject:
  m_ObjectHideFlags: 1
  m_PrefabParentObject: {fileID: 0}
  m_PrefabInternal: {fileID: 100100000}
  serializedVersion: 4
  m_Component:
  - 4: {fileID: 4000011584746228}
  m_Layer: 0
  m_Name: Bone_002_L_002
  m_TagString: Untagged
  m_Icon: {fileID: 0}
  m_NavMeshLayer: 0
  m_StaticEditorFlags: 0
  m_IsActive: 1
--- !u!1 &1000012423971118
GameObject:
  m_ObjectHideFlags: 1
  m_PrefabParentObject: {fileID: 0}
  m_PrefabInternal: {fileID: 100100000}
  serializedVersion: 4
  m_Component:
  - 4: {fileID: 4000011299805000}
  m_Layer: 0
  m_Name: Bone_003_L_011
  m_TagString: Untagged
  m_Icon: {fileID: 0}
  m_NavMeshLayer: 0
  m_StaticEditorFlags: 0
  m_IsActive: 1
--- !u!1 &1000012467715412
GameObject:
  m_ObjectHideFlags: 1
  m_PrefabParentObject: {fileID: 0}
  m_PrefabInternal: {fileID: 100100000}
  serializedVersion: 4
  m_Component:
  - 4: {fileID: 4000013591460048}
  m_Layer: 0
  m_Name: Bone_003_L_014
  m_TagString: Untagged
  m_Icon: {fileID: 0}
  m_NavMeshLayer: 0
  m_StaticEditorFlags: 0
  m_IsActive: 1
--- !u!1 &1000012494309266
GameObject:
  m_ObjectHideFlags: 1
  m_PrefabParentObject: {fileID: 0}
  m_PrefabInternal: {fileID: 100100000}
  serializedVersion: 4
  m_Component:
  - 4: {fileID: 4000012966817298}
  m_Layer: 0
  m_Name: all
  m_TagString: Untagged
  m_Icon: {fileID: 0}
  m_NavMeshLayer: 0
  m_StaticEditorFlags: 0
  m_IsActive: 1
--- !u!1 &1000012512580126
GameObject:
  m_ObjectHideFlags: 1
  m_PrefabParentObject: {fileID: 0}
  m_PrefabInternal: {fileID: 100100000}
  serializedVersion: 4
  m_Component:
  - 4: {fileID: 4000010939752660}
  m_Layer: 0
  m_Name: Bone_003_R_007
  m_TagString: Untagged
  m_Icon: {fileID: 0}
  m_NavMeshLayer: 0
  m_StaticEditorFlags: 0
  m_IsActive: 1
--- !u!1 &1000012538516888
GameObject:
  m_ObjectHideFlags: 1
  m_PrefabParentObject: {fileID: 0}
  m_PrefabInternal: {fileID: 100100000}
  serializedVersion: 4
  m_Component:
  - 4: {fileID: 4000010428043728}
  m_Layer: 0
  m_Name: Bone_002_R_002
  m_TagString: Untagged
  m_Icon: {fileID: 0}
  m_NavMeshLayer: 0
  m_StaticEditorFlags: 0
  m_IsActive: 1
--- !u!1 &1000012542824452
GameObject:
  m_ObjectHideFlags: 1
  m_PrefabParentObject: {fileID: 0}
  m_PrefabInternal: {fileID: 100100000}
  serializedVersion: 4
  m_Component:
  - 4: {fileID: 4000010985366068}
  m_Layer: 0
  m_Name: Bone_003_R_003
  m_TagString: Untagged
  m_Icon: {fileID: 0}
  m_NavMeshLayer: 0
  m_StaticEditorFlags: 0
  m_IsActive: 1
--- !u!1 &1000012560969968
GameObject:
  m_ObjectHideFlags: 1
  m_PrefabParentObject: {fileID: 0}
  m_PrefabInternal: {fileID: 100100000}
  serializedVersion: 4
  m_Component:
  - 4: {fileID: 4000013271400686}
  m_Layer: 0
  m_Name: Bone_001
  m_TagString: Untagged
  m_Icon: {fileID: 0}
  m_NavMeshLayer: 0
  m_StaticEditorFlags: 0
  m_IsActive: 1
--- !u!1 &1000012579234894
GameObject:
  m_ObjectHideFlags: 1
  m_PrefabParentObject: {fileID: 0}
  m_PrefabInternal: {fileID: 100100000}
  serializedVersion: 4
  m_Component:
  - 4: {fileID: 4000013047208544}
  m_Layer: 0
  m_Name: Bone_003_L_015
  m_TagString: Untagged
  m_Icon: {fileID: 0}
  m_NavMeshLayer: 0
  m_StaticEditorFlags: 0
  m_IsActive: 1
--- !u!1 &1000012819942626
GameObject:
  m_ObjectHideFlags: 1
  m_PrefabParentObject: {fileID: 0}
  m_PrefabInternal: {fileID: 100100000}
  serializedVersion: 4
  m_Component:
  - 4: {fileID: 4000012686685534}
  m_Layer: 0
  m_Name: Bone_003_L_001
  m_TagString: Untagged
  m_Icon: {fileID: 0}
  m_NavMeshLayer: 0
  m_StaticEditorFlags: 0
  m_IsActive: 1
--- !u!1 &1000012967307286
GameObject:
  m_ObjectHideFlags: 1
  m_PrefabParentObject: {fileID: 0}
  m_PrefabInternal: {fileID: 100100000}
  serializedVersion: 4
  m_Component:
  - 4: {fileID: 4000011991136022}
  m_Layer: 0
  m_Name: Bone_003_L_004
  m_TagString: Untagged
  m_Icon: {fileID: 0}
  m_NavMeshLayer: 0
  m_StaticEditorFlags: 0
  m_IsActive: 1
--- !u!1 &1000013031463292
GameObject:
  m_ObjectHideFlags: 1
  m_PrefabParentObject: {fileID: 0}
  m_PrefabInternal: {fileID: 100100000}
  serializedVersion: 4
  m_Component:
  - 4: {fileID: 4000012535168772}
  m_Layer: 0
  m_Name: Bone_003_R_018
  m_TagString: Untagged
  m_Icon: {fileID: 0}
  m_NavMeshLayer: 0
  m_StaticEditorFlags: 0
  m_IsActive: 1
--- !u!1 &1000013071949962
GameObject:
  m_ObjectHideFlags: 1
  m_PrefabParentObject: {fileID: 0}
  m_PrefabInternal: {fileID: 100100000}
  serializedVersion: 4
  m_Component:
  - 4: {fileID: 4000011470609432}
  m_Layer: 0
  m_Name: Bone_003_L_003
  m_TagString: Untagged
  m_Icon: {fileID: 0}
  m_NavMeshLayer: 0
  m_StaticEditorFlags: 0
  m_IsActive: 1
--- !u!1 &1000013074811202
GameObject:
  m_ObjectHideFlags: 1
  m_PrefabParentObject: {fileID: 0}
  m_PrefabInternal: {fileID: 100100000}
  serializedVersion: 4
  m_Component:
  - 4: {fileID: 4000014089416158}
  m_Layer: 0
  m_Name: Bone_005
  m_TagString: Untagged
  m_Icon: {fileID: 0}
  m_NavMeshLayer: 0
  m_StaticEditorFlags: 0
  m_IsActive: 1
--- !u!1 &1000013161630780
GameObject:
  m_ObjectHideFlags: 1
  m_PrefabParentObject: {fileID: 0}
  m_PrefabInternal: {fileID: 100100000}
  serializedVersion: 4
  m_Component:
  - 4: {fileID: 4000011576324336}
  m_Layer: 0
  m_Name: Bone_003_R_013
  m_TagString: Untagged
  m_Icon: {fileID: 0}
  m_NavMeshLayer: 0
  m_StaticEditorFlags: 0
  m_IsActive: 1
--- !u!1 &1000013343583294
GameObject:
  m_ObjectHideFlags: 1
  m_PrefabParentObject: {fileID: 0}
  m_PrefabInternal: {fileID: 100100000}
  serializedVersion: 4
  m_Component:
  - 4: {fileID: 4000013157953682}
  m_Layer: 0
  m_Name: base
  m_TagString: Untagged
  m_Icon: {fileID: 0}
  m_NavMeshLayer: 0
  m_StaticEditorFlags: 0
  m_IsActive: 1
--- !u!1 &1000013509107870
GameObject:
  m_ObjectHideFlags: 1
  m_PrefabParentObject: {fileID: 0}
  m_PrefabInternal: {fileID: 100100000}
  serializedVersion: 4
  m_Component:
  - 4: {fileID: 4000013028484568}
  m_Layer: 0
  m_Name: pole_L
  m_TagString: Untagged
  m_Icon: {fileID: 0}
  m_NavMeshLayer: 0
  m_StaticEditorFlags: 0
  m_IsActive: 1
--- !u!1 &1000013549297674
GameObject:
  m_ObjectHideFlags: 1
  m_PrefabParentObject: {fileID: 0}
  m_PrefabInternal: {fileID: 100100000}
  serializedVersion: 4
  m_Component:
  - 4: {fileID: 4000013512526514}
  m_Layer: 0
  m_Name: pole_R_001
  m_TagString: Untagged
  m_Icon: {fileID: 0}
  m_NavMeshLayer: 0
  m_StaticEditorFlags: 0
  m_IsActive: 1
--- !u!1 &1000013571578308
GameObject:
  m_ObjectHideFlags: 1
  m_PrefabParentObject: {fileID: 0}
  m_PrefabInternal: {fileID: 100100000}
  serializedVersion: 4
  m_Component:
  - 4: {fileID: 4000013307826356}
  m_Layer: 0
  m_Name: Bone_003_L_017
  m_TagString: Untagged
  m_Icon: {fileID: 0}
  m_NavMeshLayer: 0
  m_StaticEditorFlags: 0
  m_IsActive: 1
--- !u!1 &1000013604197364
GameObject:
  m_ObjectHideFlags: 0
  m_PrefabParentObject: {fileID: 0}
  m_PrefabInternal: {fileID: 100100000}
  serializedVersion: 4
  m_Component:
  - 4: {fileID: 4000014285192746}
  m_Layer: 0
  m_Name: Armature
  m_TagString: Untagged
  m_Icon: {fileID: 0}
  m_NavMeshLayer: 0
  m_StaticEditorFlags: 0
  m_IsActive: 1
--- !u!1 &1000013738674414
GameObject:
  m_ObjectHideFlags: 1
  m_PrefabParentObject: {fileID: 0}
  m_PrefabInternal: {fileID: 100100000}
  serializedVersion: 4
  m_Component:
  - 4: {fileID: 4000010703119210}
  m_Layer: 0
  m_Name: Bone_002_L_001
  m_TagString: Untagged
  m_Icon: {fileID: 0}
  m_NavMeshLayer: 0
  m_StaticEditorFlags: 0
  m_IsActive: 1
--- !u!1 &1000013769434160
GameObject:
  m_ObjectHideFlags: 1
  m_PrefabParentObject: {fileID: 0}
  m_PrefabInternal: {fileID: 100100000}
  serializedVersion: 4
  m_Component:
  - 4: {fileID: 4000013732662800}
  m_Layer: 0
  m_Name: Bone_003_L_012
  m_TagString: Untagged
  m_Icon: {fileID: 0}
  m_NavMeshLayer: 0
  m_StaticEditorFlags: 0
  m_IsActive: 1
--- !u!1 &1000013812932040
GameObject:
  m_ObjectHideFlags: 1
  m_PrefabParentObject: {fileID: 0}
  m_PrefabInternal: {fileID: 100100000}
  serializedVersion: 4
  m_Component:
  - 4: {fileID: 4000012137981964}
  m_Layer: 0
  m_Name: Bone_002_L_003
  m_TagString: Untagged
  m_Icon: {fileID: 0}
  m_NavMeshLayer: 0
  m_StaticEditorFlags: 0
  m_IsActive: 1
--- !u!1 &1000013879013214
GameObject:
  m_ObjectHideFlags: 1
  m_PrefabParentObject: {fileID: 0}
  m_PrefabInternal: {fileID: 100100000}
  serializedVersion: 4
  m_Component:
  - 4: {fileID: 4000011227145974}
  m_Layer: 0
  m_Name: pole_R
  m_TagString: Untagged
  m_Icon: {fileID: 0}
  m_NavMeshLayer: 0
  m_StaticEditorFlags: 0
  m_IsActive: 1
--- !u!1 &1000013897402658
GameObject:
  m_ObjectHideFlags: 1
  m_PrefabParentObject: {fileID: 0}
  m_PrefabInternal: {fileID: 100100000}
  serializedVersion: 4
  m_Component:
  - 4: {fileID: 4000013338189944}
  m_Layer: 0
  m_Name: Bone_003_R_017
  m_TagString: Untagged
  m_Icon: {fileID: 0}
  m_NavMeshLayer: 0
  m_StaticEditorFlags: 0
  m_IsActive: 1
--- !u!1 &1000013898041328
GameObject:
  m_ObjectHideFlags: 1
  m_PrefabParentObject: {fileID: 0}
  m_PrefabInternal: {fileID: 100100000}
  serializedVersion: 4
  m_Component:
  - 4: {fileID: 4000013343269608}
  m_Layer: 0
  m_Name: Bone_003_R_016
  m_TagString: Untagged
  m_Icon: {fileID: 0}
  m_NavMeshLayer: 0
  m_StaticEditorFlags: 0
  m_IsActive: 1
--- !u!1 &1000013946392916
GameObject:
  m_ObjectHideFlags: 1
  m_PrefabParentObject: {fileID: 0}
  m_PrefabInternal: {fileID: 100100000}
  serializedVersion: 4
  m_Component:
  - 4: {fileID: 4000011359017796}
  m_Layer: 0
  m_Name: Bone_002
  m_TagString: Untagged
  m_Icon: {fileID: 0}
  m_NavMeshLayer: 0
  m_StaticEditorFlags: 0
  m_IsActive: 1
--- !u!1 &1000013952783492
GameObject:
  m_ObjectHideFlags: 1
  m_PrefabParentObject: {fileID: 0}
  m_PrefabInternal: {fileID: 100100000}
  serializedVersion: 4
  m_Component:
  - 4: {fileID: 4000010856108350}
  m_Layer: 0
  m_Name: Bone_003_R_001
  m_TagString: Untagged
  m_Icon: {fileID: 0}
  m_NavMeshLayer: 0
  m_StaticEditorFlags: 0
  m_IsActive: 1
--- !u!1 &1000014103169148
GameObject:
  m_ObjectHideFlags: 0
  m_PrefabParentObject: {fileID: 0}
  m_PrefabInternal: {fileID: 100100000}
  serializedVersion: 4
  m_Component:
  - 4: {fileID: 4000014111066398}
  - 95: {fileID: 95000013598594810}
  - 114: {fileID: 114000014230718844}
  - 195: {fileID: 195000011060116668}
  - 54: {fileID: 54000014167824600}
  m_Layer: 0
  m_Name: Enemy
  m_TagString: Enemy
  m_Icon: {fileID: 0}
  m_NavMeshLayer: 0
  m_StaticEditorFlags: 0
  m_IsActive: 1
--- !u!4 &4000010199928718
Transform:
  m_ObjectHideFlags: 1
  m_PrefabParentObject: {fileID: 0}
  m_PrefabInternal: {fileID: 100100000}
  m_GameObject: {fileID: 1000010013021528}
  m_LocalRotation: {x: 0.442503, y: -0.46222505, z: -0.5522903, w: 0.5343357}
  m_LocalPosition: {x: -0.06868585, y: 0.0000000048981743, z: 0.000000009144423}
  m_LocalScale: {x: 1.0000001, y: 1.0000001, z: 1.0000001}
  m_LocalEulerAnglesHint: {x: 0, y: 0, z: 0}
  m_Children:
  - {fileID: 4000010856108350}
  - {fileID: 4000013343269608}
  m_Father: {fileID: 4000012865845796}
  m_RootOrder: 1
--- !u!4 &4000010233968982
Transform:
  m_ObjectHideFlags: 1
  m_PrefabParentObject: {fileID: 0}
  m_PrefabInternal: {fileID: 100100000}
  m_GameObject: {fileID: 1000010703256662}
  m_LocalRotation: {x: 0.064415716, y: -0.18383788, z: -0.007261668, w: 0.9808168}
  m_LocalPosition: {x: -0.07247932, y: -0.03279743, z: -0.001297556}
  m_LocalScale: {x: 0.9999998, y: 0.9999999, z: 1}
  m_LocalEulerAnglesHint: {x: 0, y: 0, z: 0}
  m_Children:
  - {fileID: 4000010703119210}
  m_Father: {fileID: 4000011359017796}
  m_RootOrder: 0
--- !u!4 &4000010301854160
Transform:
  m_ObjectHideFlags: 1
  m_PrefabParentObject: {fileID: 0}
  m_PrefabInternal: {fileID: 100100000}
  m_GameObject: {fileID: 1000011089209214}
  m_LocalRotation: {x: 0.00000002669254, y: 0.7071067, z: -0.000000026692536, w: 0.7071068}
  m_LocalPosition: {x: -0.16098431, y: -0.0120595675, z: -0.3485892}
  m_LocalScale: {x: 1, y: 1, z: 1}
  m_LocalEulerAnglesHint: {x: 0, y: 0, z: 0}
  m_Children: []
  m_Father: {fileID: 4000012966817298}
  m_RootOrder: 3
--- !u!4 &4000010306532380
Transform:
  m_ObjectHideFlags: 1
  m_PrefabParentObject: {fileID: 0}
  m_PrefabInternal: {fileID: 100100000}
  m_GameObject: {fileID: 1000012300615258}
  m_LocalRotation: {x: 0.0319016, y: -0.40957844, z: 0.027834702, w: 0.91129196}
  m_LocalPosition: {x: -0.0577537, y: -0.00919051, z: 0.0004776878}
  m_LocalScale: {x: 0.9999997, y: 0.9999997, z: 0.99999976}
  m_LocalEulerAnglesHint: {x: 0, y: 0, z: 0}
  m_Children:
  - {fileID: 4000014088209770}
  m_Father: {fileID: 4000010985366068}
  m_RootOrder: 0
--- !u!4 &4000010352408922
Transform:
  m_ObjectHideFlags: 1
  m_PrefabParentObject: {fileID: 0}
  m_PrefabInternal: {fileID: 100100000}
  m_GameObject: {fileID: 1000012252255604}
  m_LocalRotation: {x: 0.0000000065510073, y: 0.08677072, z: 1.560375e-15, w: 0.99622834}
  m_LocalPosition: {x: -0.2505138, y: -0.032797422, z: -0.17517641}
  m_LocalScale: {x: 0.9999998, y: 1, z: 0.9999998}
  m_LocalEulerAnglesHint: {x: 0, y: 0, z: 0}
  m_Children:
  - {fileID: 4000012860536074}
  m_Father: {fileID: 4000012966817298}
  m_RootOrder: 1
--- !u!4 &4000010428043728
Transform:
  m_ObjectHideFlags: 1
  m_PrefabParentObject: {fileID: 0}
  m_PrefabInternal: {fileID: 100100000}
  m_GameObject: {fileID: 1000012538516888}
  m_LocalRotation: {x: 0.037377987, y: -0.69466776, z: -0.047233343, w: 0.71680444}
  m_LocalPosition: {x: -0.094722696, y: 0.000000004470348, z: -0.0000000046566124}
  m_LocalScale: {x: 1, y: 1.0000001, z: 1}
  m_LocalEulerAnglesHint: {x: 0, y: 0, z: 0}
  m_Children:
  - {fileID: 4000012347123268}
  m_Father: {fileID: 4000010555563706}
  m_RootOrder: 0
--- !u!4 &4000010478630822
Transform:
  m_ObjectHideFlags: 1
  m_PrefabParentObject: {fileID: 0}
  m_PrefabInternal: {fileID: 100100000}
  m_GameObject: {fileID: 1000011961700968}
  m_LocalRotation: {x: 0.028816871, y: -0.20114975, z: -0.018230842, w: 0.97896683}
  m_LocalPosition: {x: -0.072479315, y: 0.03279745, z: -0.0012975318}
  m_LocalScale: {x: 1, y: 1.0000002, z: 1.0000001}
  m_LocalEulerAnglesHint: {x: 0, y: 0, z: 0}
  m_Children:
  - {fileID: 4000010555563706}
  m_Father: {fileID: 4000011359017796}
  m_RootOrder: 1
--- !u!4 &4000010555563706
Transform:
  m_ObjectHideFlags: 1
  m_PrefabParentObject: {fileID: 0}
  m_PrefabInternal: {fileID: 100100000}
  m_GameObject: {fileID: 1000010595793600}
  m_LocalRotation: {x: -0.000000009855392, y: 0.34955093, z: -0.000000054846524, w: 0.93691736}
  m_LocalPosition: {x: -0.1117528, y: 0.000000001490116, z: 3.7252898e-10}
  m_LocalScale: {x: 0.9999999, y: 0.99999994, z: 0.9999999}
  m_LocalEulerAnglesHint: {x: 0, y: 0, z: 0}
  m_Children:
  - {fileID: 4000010428043728}
  m_Father: {fileID: 4000010478630822}
  m_RootOrder: 0
--- !u!4 &4000010595660628
Transform:
  m_ObjectHideFlags: 1
  m_PrefabParentObject: {fileID: 0}
  m_PrefabInternal: {fileID: 100100000}
  m_GameObject: {fileID: 1000012321662886}
  m_LocalRotation: {x: -0.0022975912, y: 0.02896172, z: 0.70651346, w: 0.707103}
  m_LocalPosition: {x: -0.043140378, y: -0.039003726, z: -0.03940015}
  m_LocalScale: {x: 0.99999994, y: 1, z: 1.0000001}
  m_LocalEulerAnglesHint: {x: 0, y: 0, z: 0}
  m_Children: []
  m_Father: {fileID: 4000012233060942}
  m_RootOrder: 1
--- !u!4 &4000010703119210
Transform:
  m_ObjectHideFlags: 1
  m_PrefabParentObject: {fileID: 0}
  m_PrefabInternal: {fileID: 100100000}
  m_GameObject: {fileID: 1000013738674414}
  m_LocalRotation: {x: 0.000000075112204, y: 0.31964734, z: 0.00000004248051, w: 0.9475366}
  m_LocalPosition: {x: -0.1117528, y: 0.0000000126659865, z: 0.000000001117587}
  m_LocalScale: {x: 1, y: 1, z: 0.9999999}
  m_LocalEulerAnglesHint: {x: 0, y: 0, z: 0}
  m_Children:
  - {fileID: 4000011584746228}
  m_Father: {fileID: 4000010233968982}
  m_RootOrder: 0
--- !u!4 &4000010723218844
Transform:
  m_ObjectHideFlags: 1
  m_PrefabParentObject: {fileID: 0}
  m_PrefabInternal: {fileID: 100100000}
  m_GameObject: {fileID: 1000011250166266}
  m_LocalRotation: {x: -0.48988715, y: 0.51721495, z: 0.48170984, w: 0.51034784}
  m_LocalPosition: {x: -0.045890313, y: 0.024006318, z: -0.028670264}
  m_LocalScale: {x: 0.99999994, y: 1.0000001, z: 0.99999994}
  m_LocalEulerAnglesHint: {x: 0, y: 0, z: 0}
  m_Children: []
  m_Father: {fileID: 4000010985366068}
  m_RootOrder: 5
--- !u!4 &4000010856108350
Transform:
  m_ObjectHideFlags: 1
  m_PrefabParentObject: {fileID: 0}
  m_PrefabInternal: {fileID: 100100000}
  m_GameObject: {fileID: 1000013952783492}
  m_LocalRotation: {x: -0.2689265, y: -0.501957, z: 0.25849837, w: 0.7803181}
  m_LocalPosition: {x: -0.07629519, y: 9.3132294e-11, z: -0.000000058114527}
  m_LocalScale: {x: 0.9999999, y: 0.9999999, z: 0.9999998}
  m_LocalEulerAnglesHint: {x: 0, y: 0, z: 0}
  m_Children:
  - {fileID: 4000013338189944}
  m_Father: {fileID: 4000010199928718}
  m_RootOrder: 0
--- !u!4 &4000010939752660
Transform:
  m_ObjectHideFlags: 1
  m_PrefabParentObject: {fileID: 0}
  m_PrefabInternal: {fileID: 100100000}
  m_GameObject: {fileID: 1000012512580126}
  m_LocalRotation: {x: -0.00030437272, y: -0.06362644, z: -0.27829105, w: 0.958387}
  m_LocalPosition: {x: -0.056218885, y: 0.0115206, z: 0.00016680265}
  m_LocalScale: {x: 1.0000001, y: 1, z: 0.99999976}
  m_LocalEulerAnglesHint: {x: 0, y: 0, z: 0}
  m_Children:
  - {fileID: 4000012911970018}
  m_Father: {fileID: 4000010985366068}
  m_RootOrder: 1
--- !u!4 &4000010985366068
Transform:
  m_ObjectHideFlags: 1
  m_PrefabParentObject: {fileID: 0}
  m_PrefabInternal: {fileID: 100100000}
  m_GameObject: {fileID: 1000012542824452}
  m_LocalRotation: {x: 0.0071993866, y: 0.052988943, z: 0.064924926, w: 0.99645627}
  m_LocalPosition: {x: -0.12258536, y: 0.000000004470348, z: -0.000000005215406}
  m_LocalScale: {x: 1.0000001, y: 1, z: 1.0000001}
  m_LocalEulerAnglesHint: {x: 0, y: 0, z: 0}
  m_Children:
  - {fileID: 4000010306532380}
  - {fileID: 4000010939752660}
  - {fileID: 4000011889086478}
  - {fileID: 4000011576324336}
  - {fileID: 4000012828723500}
  - {fileID: 4000010723218844}
  m_Father: {fileID: 4000013338189944}
  m_RootOrder: 0
--- !u!4 &4000011227145974
Transform:
  m_ObjectHideFlags: 1
  m_PrefabParentObject: {fileID: 0}
  m_PrefabInternal: {fileID: 100100000}
  m_GameObject: {fileID: 1000013879013214}
  m_LocalRotation: {x: -0.000000026692536, y: -0.7071067, z: -0.000000026692533, w: 0.7071068}
  m_LocalPosition: {x: -0.42087585, y: 0.08863231, z: -0.1706179}
  m_LocalScale: {x: 0.99999994, y: 1, z: 0.99999994}
  m_LocalEulerAnglesHint: {x: 0, y: 0, z: 0}
  m_Children: []
  m_Father: {fileID: 4000013157953682}
  m_RootOrder: 5
--- !u!4 &4000011264244176
Transform:
  m_ObjectHideFlags: 1
  m_PrefabParentObject: {fileID: 0}
  m_PrefabInternal: {fileID: 100100000}
  m_GameObject: {fileID: 1000011841190722}
  m_LocalRotation: {x: 0.0033501266, y: -0.049158517, z: 0.26667687, w: 0.96252567}
  m_LocalPosition: {x: -0.056218926, y: -0.011520591, z: 0.00016681137}
  m_LocalScale: {x: 0.99999994, y: 0.9999998, z: 1.0000001}
  m_LocalEulerAnglesHint: {x: 0, y: 0, z: 0}
  m_Children:
  - {fileID: 4000011673895528}
  m_Father: {fileID: 4000011470609432}
  m_RootOrder: 1
--- !u!4 &4000011299805000
Transform:
  m_ObjectHideFlags: 1
  m_PrefabParentObject: {fileID: 0}
  m_PrefabInternal: {fileID: 100100000}
  m_GameObject: {fileID: 1000012423971118}
  m_LocalRotation: {x: 0.008300901, y: -0.18966, z: -0.03782851, w: 0.9810857}
  m_LocalPosition: {x: -0.017183313, y: 0.000000008940696, z: -0.0000000091269605}
  m_LocalScale: {x: 1, y: 0.9999999, z: 0.99999994}
  m_LocalEulerAnglesHint: {x: 0, y: 0, z: 0}
  m_Children:
  - {fileID: 4000013732662800}
  m_Father: {fileID: 4000012798266708}
  m_RootOrder: 0
--- !u!4 &4000011359017796
Transform:
  m_ObjectHideFlags: 1
  m_PrefabParentObject: {fileID: 0}
  m_PrefabInternal: {fileID: 100100000}
  m_GameObject: {fileID: 1000013946392916}
  m_LocalRotation: {x: 0.00000009325132, y: 0.996107, z: 0.00000020393148, w: -0.08815257}
  m_LocalPosition: {x: -0.30788735, y: 0.000000023244848, z: 0.008356584}
  m_LocalScale: {x: 0.9999999, y: 0.99999994, z: 0.9999999}
  m_LocalEulerAnglesHint: {x: 0, y: 0, z: 0}
  m_Children:
  - {fileID: 4000010233968982}
  - {fileID: 4000010478630822}
  m_Father: {fileID: 4000013157953682}
  m_RootOrder: 1
--- !u!4 &4000011470609432
Transform:
  m_ObjectHideFlags: 1
  m_PrefabParentObject: {fileID: 0}
  m_PrefabInternal: {fileID: 100100000}
  m_GameObject: {fileID: 1000013071949962}
  m_LocalRotation: {x: -0.007199382, y: 0.052988958, z: -0.06492492, w: 0.99645627}
  m_LocalPosition: {x: -0.12258531, y: 0.000000010058283, z: -1.3969839e-10}
  m_LocalScale: {x: 0.99999994, y: 1, z: 1}
  m_LocalEulerAnglesHint: {x: 0, y: 0, z: 0}
  m_Children:
  - {fileID: 4000011991136022}
  - {fileID: 4000011264244176}
  - {fileID: 4000012798266708}
  - {fileID: 4000013211788330}
  - {fileID: 4000013591460048}
  - {fileID: 4000013047208544}
  m_Father: {fileID: 4000013307826356}
  m_RootOrder: 0
--- !u!4 &4000011576324336
Transform:
  m_ObjectHideFlags: 1
  m_PrefabParentObject: {fileID: 0}
  m_PrefabInternal: {fileID: 100100000}
  m_GameObject: {fileID: 1000013161630780}
  m_LocalRotation: {x: -0.5426039, y: -0.2989958, z: -0.15046576, w: 0.77041715}
  m_LocalPosition: {x: -0.0567126, y: -0.0070226123, z: -0.026606364}
  m_LocalScale: {x: 0.99999976, y: 0.9999997, z: 0.99999976}
  m_LocalEulerAnglesHint: {x: 0, y: 0, z: 0}
  m_Children: []
  m_Father: {fileID: 4000010985366068}
  m_RootOrder: 3
--- !u!4 &4000011584746228
Transform:
  m_ObjectHideFlags: 1
  m_PrefabParentObject: {fileID: 0}
  m_PrefabInternal: {fileID: 100100000}
  m_GameObject: {fileID: 1000012333100594}
  m_LocalRotation: {x: -0.0077207587, y: -0.6329014, z: 0.008757249, w: 0.7741445}
  m_LocalPosition: {x: -0.09472268, y: 5.1222737e-10, z: -0.000000001862645}
  m_LocalScale: {x: 0.9999999, y: 1.0000001, z: 0.9999999}
  m_LocalEulerAnglesHint: {x: 0, y: 0, z: 0}
  m_Children:
  - {fileID: 4000012137981964}
  m_Father: {fileID: 4000010703119210}
  m_RootOrder: 0
--- !u!4 &4000011673895528
Transform:
  m_ObjectHideFlags: 1
  m_PrefabParentObject: {fileID: 0}
  m_PrefabInternal: {fileID: 100100000}
  m_GameObject: {fileID: 1000011071390998}
  m_LocalRotation: {x: -0.0044409297, y: -0.33673036, z: 0.054552644, w: 0.940009}
  m_LocalPosition: {x: -0.017003482, y: 0.000000001490116, z: -0.000000034645197}
  m_LocalScale: {x: 0.9999998, y: 1.0000001, z: 0.99999994}
  m_LocalEulerAnglesHint: {x: 0, y: 0, z: 0}
  m_Children:
  - {fileID: 4000012269982722}
  m_Father: {fileID: 4000011264244176}
  m_RootOrder: 0
--- !u!4 &4000011889086478
Transform:
  m_ObjectHideFlags: 1
  m_PrefabParentObject: {fileID: 0}
  m_PrefabInternal: {fileID: 100100000}
  m_GameObject: {fileID: 1000011010903784}
  m_LocalRotation: {x: -0.14708325, y: -0.10533662, z: -0.34818313, w: 0.9198039}
  m_LocalPosition: {x: -0.023629036, y: 0.018068327, z: -0.009513068}
  m_LocalScale: {x: 1.0000002, y: 0.99999976, z: 1}
  m_LocalEulerAnglesHint: {x: 0, y: 0, z: 0}
  m_Children:
  - {fileID: 4000012593783602}
  m_Father: {fileID: 4000010985366068}
  m_RootOrder: 2
--- !u!4 &4000011991136022
Transform:
  m_ObjectHideFlags: 1
  m_PrefabParentObject: {fileID: 0}
  m_PrefabInternal: {fileID: 100100000}
  m_GameObject: {fileID: 1000012967307286}
  m_LocalRotation: {x: 0.00462208, y: -0.04123974, z: -0.070767716, w: 0.99662924}
  m_LocalPosition: {x: -0.057753716, y: 0.009190524, z: 0.00047768612}
  m_LocalScale: {x: 1, y: 1, z: 1}
  m_LocalEulerAnglesHint: {x: 0, y: 0, z: 0}
  m_Children:
  - {fileID: 4000012526679306}
  m_Father: {fileID: 4000011470609432}
  m_RootOrder: 0
--- !u!4 &4000012137981964
Transform:
  m_ObjectHideFlags: 1
  m_PrefabParentObject: {fileID: 0}
  m_PrefabInternal: {fileID: 100100000}
  m_GameObject: {fileID: 1000013812932040}
  m_LocalRotation: {x: -0.000743241, y: -0.12751593, z: 0.0034848053, w: 0.9918301}
  m_LocalPosition: {x: -0.0313162, y: 0.0000000021333106, z: 5.5879346e-10}
  m_LocalScale: {x: 0.9999998, y: 1, z: 0.9999998}
  m_LocalEulerAnglesHint: {x: 0, y: 0, z: 0}
  m_Children: []
  m_Father: {fileID: 4000011584746228}
  m_RootOrder: 0
--- !u!4 &4000012233060942
Transform:
  m_ObjectHideFlags: 1
  m_PrefabParentObject: {fileID: 0}
  m_PrefabInternal: {fileID: 100100000}
  m_GameObject: {fileID: 1000011073696036}
  m_LocalRotation: {x: -0.44250318, y: -0.4622249, z: 0.5522903, w: 0.53433555}
  m_LocalPosition: {x: -0.06868585, y: 0.0000000048981743, z: 0.000000009144423}
  m_LocalScale: {x: 1.0000001, y: 1.0000001, z: 1.0000001}
  m_LocalEulerAnglesHint: {x: 0, y: 0, z: 0}
  m_Children:
  - {fileID: 4000012686685534}
  - {fileID: 4000010595660628}
  m_Father: {fileID: 4000012865845796}
  m_RootOrder: 0
--- !u!4 &4000012269982722
Transform:
  m_ObjectHideFlags: 1
  m_PrefabParentObject: {fileID: 0}
  m_PrefabInternal: {fileID: 100100000}
  m_GameObject: {fileID: 1000010871368968}
  m_LocalRotation: {x: 0.00011369537, y: -0.14827728, z: 0.03271342, w: 0.98840463}
  m_LocalPosition: {x: -0.0104298955, y: -0.000000002980232, z: 0.000000001490116}
  m_LocalScale: {x: 0.9999999, y: 0.9999999, z: 0.9999999}
  m_LocalEulerAnglesHint: {x: 0, y: 0, z: 0}
  m_Children: []
  m_Father: {fileID: 4000011673895528}
  m_RootOrder: 0
--- !u!4 &4000012343244340
Transform:
  m_ObjectHideFlags: 1
  m_PrefabParentObject: {fileID: 0}
  m_PrefabInternal: {fileID: 100100000}
  m_GameObject: {fileID: 1000012275106896}
  m_LocalRotation: {x: -4.4505896e-16, y: -0.000000007450581, z: -2.6616272e-15, w: 1}
  m_LocalPosition: {x: -0.021581678, y: 0.010167955, z: -0.048795294}
  m_LocalScale: {x: 1, y: 1, z: 1}
  m_LocalEulerAnglesHint: {x: 0, y: 0, z: 0}
  m_Children: []
  m_Father: {fileID: 4000013362695364}
  m_RootOrder: 0
--- !u!4 &4000012347123268
Transform:
  m_ObjectHideFlags: 1
  m_PrefabParentObject: {fileID: 0}
  m_PrefabInternal: {fileID: 100100000}
  m_GameObject: {fileID: 1000012154698954}
  m_LocalRotation: {x: 0.0034688143, y: -0.0021381292, z: -0.00024372945, w: 0.99999166}
  m_LocalPosition: {x: -0.031316202, y: 0.0000000012107192, z: -0.0000000020954756}
  m_LocalScale: {x: 0.9999998, y: 0.9999999, z: 1.0000001}
  m_LocalEulerAnglesHint: {x: 0, y: 0, z: 0}
  m_Children: []
  m_Father: {fileID: 4000010428043728}
  m_RootOrder: 0
--- !u!4 &4000012433258166
Transform:
  m_ObjectHideFlags: 1
  m_PrefabParentObject: {fileID: 0}
  m_PrefabInternal: {fileID: 100100000}
  m_GameObject: {fileID: 1000011355418852}
  m_LocalRotation: {x: -0.000038028338, y: -0.19530495, z: -0.04518146, w: 0.9797013}
  m_LocalPosition: {x: -0.010429899, y: 0.000000019744038, z: 0.000000009313225}
  m_LocalScale: {x: 0.9999999, y: 0.9999999, z: 0.99999976}
  m_LocalEulerAnglesHint: {x: 0, y: 0, z: 0}
  m_Children: []
  m_Father: {fileID: 4000012911970018}
  m_RootOrder: 0
--- !u!4 &4000012526679306
Transform:
  m_ObjectHideFlags: 1
  m_PrefabParentObject: {fileID: 0}
  m_PrefabInternal: {fileID: 100100000}
  m_GameObject: {fileID: 1000010269120486}
  m_LocalRotation: {x: 0.00000004050938, y: -0.112000756, z: -0.000000056353446, w: 0.99370813}
  m_LocalPosition: {x: -0.017003454, y: -0.000000007823109, z: 0.00000001033768}
  m_LocalScale: {x: 1.0000001, y: 1, z: 1.0000002}
  m_LocalEulerAnglesHint: {x: 0, y: 0, z: 0}
  m_Children:
  - {fileID: 4000013052651148}
  m_Father: {fileID: 4000011991136022}
  m_RootOrder: 0
--- !u!4 &4000012535168772
Transform:
  m_ObjectHideFlags: 1
  m_PrefabParentObject: {fileID: 0}
  m_PrefabInternal: {fileID: 100100000}
  m_GameObject: {fileID: 1000013031463292}
  m_LocalRotation: {x: 0.000000036799392, y: 0.000000038417404, z: -0.49570876, w: 0.86848885}
  m_LocalPosition: {x: -0.24559206, y: 0.11161511, z: -0.04720254}
  m_LocalScale: {x: 0.9999999, y: 0.9999999, z: 0.99999994}
  m_LocalEulerAnglesHint: {x: 0, y: 0, z: 0}
  m_Children: []
  m_Father: {fileID: 4000013157953682}
  m_RootOrder: 3
--- !u!4 &4000012593783602
Transform:
  m_ObjectHideFlags: 1
  m_PrefabParentObject: {fileID: 0}
  m_PrefabInternal: {fileID: 100100000}
  m_GameObject: {fileID: 1000012089942884}
  m_LocalRotation: {x: -0.0549207, y: -0.21116395, z: 0.14908043, w: 0.96445245}
  m_LocalPosition: {x: -0.017183302, y: -0.000000017881392, z: -0.000000001117587}
  m_LocalScale: {x: 0.9999999, y: 0.99999994, z: 0.9999999}
  m_LocalEulerAnglesHint: {x: 0, y: 0, z: 0}
  m_Children:
  - {fileID: 4000013648281392}
  m_Father: {fileID: 4000011889086478}
  m_RootOrder: 0
--- !u!4 &4000012675113660
Transform:
  m_ObjectHideFlags: 1
  m_PrefabParentObject: {fileID: 0}
  m_PrefabInternal: {fileID: 100100000}
  m_GameObject: {fileID: 1000012155533706}
  m_LocalRotation: {x: 0.00000008502569, y: 0.18825069, z: -0.000000041004583, w: 0.98212105}
  m_LocalPosition: {x: -0.06868585, y: 0.0000000048981743, z: 0.000000009144423}
  m_LocalScale: {x: 1.0000001, y: 1, z: 1}
  m_LocalEulerAnglesHint: {x: 0, y: 0, z: 0}
  m_Children:
  - {fileID: 4000014089416158}
  m_Father: {fileID: 4000012865845796}
  m_RootOrder: 2
--- !u!4 &4000012686685534
Transform:
  m_ObjectHideFlags: 1
  m_PrefabParentObject: {fileID: 0}
  m_PrefabInternal: {fileID: 100100000}
  m_GameObject: {fileID: 1000012819942626}
  m_LocalRotation: {x: 0.07275776, y: -0.6825179, z: -0.008063778, w: 0.72719365}
  m_LocalPosition: {x: -0.076295175, y: 0.0000000021420419, z: 0.000000045727937}
  m_LocalScale: {x: 0.9999998, y: 0.99999976, z: 0.9999999}
  m_LocalEulerAnglesHint: {x: 0, y: 0, z: 0}
  m_Children:
  - {fileID: 4000013307826356}
  m_Father: {fileID: 4000012233060942}
  m_RootOrder: 0
--- !u!4 &4000012798266708
Transform:
  m_ObjectHideFlags: 1
  m_PrefabParentObject: {fileID: 0}
  m_PrefabInternal: {fileID: 100100000}
  m_GameObject: {fileID: 1000011811490014}
  m_LocalRotation: {x: -0.022493396, y: 0.06034292, z: 0.5280398, w: 0.84677434}
  m_LocalPosition: {x: -0.02362908, y: -0.018068321, z: -0.009513068}
  m_LocalScale: {x: 0.99999994, y: 0.9999999, z: 1}
  m_LocalEulerAnglesHint: {x: 0, y: 0, z: 0}
  m_Children:
  - {fileID: 4000011299805000}
  m_Father: {fileID: 4000011470609432}
  m_RootOrder: 2
--- !u!4 &4000012828723500
Transform:
  m_ObjectHideFlags: 1
  m_PrefabParentObject: {fileID: 0}
  m_PrefabInternal: {fileID: 100100000}
  m_GameObject: {fileID: 1000011224790496}
  m_LocalRotation: {x: -0.6436346, y: 0.19806263, z: 0.18137406, w: 0.7166653}
  m_LocalPosition: {x: -0.074889235, y: 0.02802651, z: -0.019189648}
  m_LocalScale: {x: 0.99999976, y: 0.99999964, z: 0.99999964}
  m_LocalEulerAnglesHint: {x: 0, y: 0, z: 0}
  m_Children: []
  m_Father: {fileID: 4000010985366068}
  m_RootOrder: 4
--- !u!4 &4000012860536074
Transform:
  m_ObjectHideFlags: 1
  m_PrefabParentObject: {fileID: 0}
  m_PrefabInternal: {fileID: 100100000}
  m_GameObject: {fileID: 1000011083619712}
  m_LocalRotation: {x: -4.4505896e-16, y: 1.2855617e-30, z: -2.88852e-15, w: 1}
  m_LocalPosition: {x: -0.021581678, y: 0.004854306, z: -0.048795294}
  m_LocalScale: {x: 1, y: 1, z: 1}
  m_LocalEulerAnglesHint: {x: 0, y: 0, z: 0}
  m_Children: []
  m_Father: {fileID: 4000010352408922}
  m_RootOrder: 0
--- !u!4 &4000012865845796
Transform:
  m_ObjectHideFlags: 1
  m_PrefabParentObject: {fileID: 0}
  m_PrefabInternal: {fileID: 100100000}
  m_GameObject: {fileID: 1000011491679494}
  m_LocalRotation: {x: -0.0064127063, y: -0.12199937, z: -0.025785988, w: 0.99217445}
  m_LocalPosition: {x: -0.06393298, y: 0.0000000048268105, z: 0}
  m_LocalScale: {x: 1, y: 0.9999999, z: 0.99999994}
  m_LocalEulerAnglesHint: {x: 0, y: 0, z: 0}
  m_Children:
  - {fileID: 4000012233060942}
  - {fileID: 4000010199928718}
  - {fileID: 4000012675113660}
  m_Father: {fileID: 4000013271400686}
  m_RootOrder: 0
--- !u!4 &4000012911970018
Transform:
  m_ObjectHideFlags: 1
  m_PrefabParentObject: {fileID: 0}
  m_PrefabInternal: {fileID: 100100000}
  m_GameObject: {fileID: 1000011904510574}
  m_LocalRotation: {x: 0.006699885, y: -0.4054417, z: -0.07428538, w: 0.9110729}
  m_LocalPosition: {x: -0.01700346, y: 0.000000009685754, z: 0.000000010989606}
  m_LocalScale: {x: 1, y: 0.99999994, z: 1}
  m_LocalEulerAnglesHint: {x: 0, y: 0, z: 0}
  m_Children:
  - {fileID: 4000012433258166}
  m_Father: {fileID: 4000010939752660}
  m_RootOrder: 0
--- !u!4 &4000012966817298
Transform:
  m_ObjectHideFlags: 1
  m_PrefabParentObject: {fileID: 0}
  m_PrefabInternal: {fileID: 100100000}
  m_GameObject: {fileID: 1000012494309266}
  m_LocalRotation: {x: -0.50000006, y: -0.49999997, z: -0.49999997, w: 0.50000006}
  m_LocalPosition: {x: -9.9999995e-17, y: 0.19631936, z: 0.28230217}
  m_LocalScale: {x: 1, y: 1, z: 1}
  m_LocalEulerAnglesHint: {x: 0, y: 0, z: 0}
  m_Children:
  - {fileID: 4000013157953682}
  - {fileID: 4000010352408922}
  - {fileID: 4000013362695364}
  - {fileID: 4000010301854160}
  - {fileID: 4000013512526514}
  m_Father: {fileID: 4000014285192746}
  m_RootOrder: 0
--- !u!4 &4000013028484568
Transform:
  m_ObjectHideFlags: 1
  m_PrefabParentObject: {fileID: 0}
  m_PrefabInternal: {fileID: 100100000}
  m_GameObject: {fileID: 1000013509107870}
  m_LocalRotation: {x: -0.000000026692536, y: -0.7071067, z: -0.000000026692533, w: 0.7071068}
  m_LocalPosition: {x: -0.42087463, y: -0.08760917, z: -0.16980457}
  m_LocalScale: {x: 0.99999994, y: 1, z: 0.99999994}
  m_LocalEulerAnglesHint: {x: 0, y: 0, z: 0}
  m_Children: []
  m_Father: {fileID: 4000013157953682}
  m_RootOrder: 4
--- !u!4 &4000013047208544
Transform:
  m_ObjectHideFlags: 1
  m_PrefabParentObject: {fileID: 0}
  m_PrefabInternal: {fileID: 100100000}
  m_GameObject: {fileID: 1000012579234894}
  m_LocalRotation: {x: 0.48988706, y: 0.517215, z: -0.4817097, w: 0.510348}
  m_LocalPosition: {x: -0.037391268, y: -0.041821115, z: -0.02040026}
  m_LocalScale: {x: 1, y: 1.0000002, z: 1.0000001}
  m_LocalEulerAnglesHint: {x: 0, y: 0, z: 0}
  m_Children: []
  m_Father: {fileID: 4000011470609432}
  m_RootOrder: 5
--- !u!4 &4000013052651148
Transform:
  m_ObjectHideFlags: 1
  m_PrefabParentObject: {fileID: 0}
  m_PrefabInternal: {fileID: 100100000}
  m_GameObject: {fileID: 1000011590059562}
  m_LocalRotation: {x: -0.00000009628874, y: -0.008758623, z: -0.00000014729949, w: 0.9999617}
  m_LocalPosition: {x: -0.0104299085, y: 0.000000005215406, z: -0.000000011501833}
  m_LocalScale: {x: 1, y: 1, z: 0.99999994}
  m_LocalEulerAnglesHint: {x: 0, y: 0, z: 0}
  m_Children: []
  m_Father: {fileID: 4000012526679306}
  m_RootOrder: 0
--- !u!4 &4000013157953682
Transform:
  m_ObjectHideFlags: 1
  m_PrefabParentObject: {fileID: 0}
  m_PrefabInternal: {fileID: 100100000}
  m_GameObject: {fileID: 1000013343583294}
  m_LocalRotation: {x: 0.000000076334764, y: 0.9998104, z: 0.000000043703093, w: -0.019472735}
  m_LocalPosition: {x: -0.29302552, y: 0.000000022122812, z: -0.19685444}
  m_LocalScale: {x: 0.99999994, y: 1, z: 0.99999994}
  m_LocalEulerAnglesHint: {x: 0, y: 0, z: 0}
  m_Children:
  - {fileID: 4000013271400686}
  - {fileID: 4000011359017796}
  - {fileID: 4000014153716146}
  - {fileID: 4000012535168772}
  - {fileID: 4000013028484568}
  - {fileID: 4000011227145974}
  m_Father: {fileID: 4000012966817298}
  m_RootOrder: 0
--- !u!4 &4000013211788330
Transform:
  m_ObjectHideFlags: 1
  m_PrefabParentObject: {fileID: 0}
  m_PrefabInternal: {fileID: 100100000}
  m_GameObject: {fileID: 1000011079566628}
  m_LocalRotation: {x: 0.48988715, y: 0.51721483, z: -0.4817098, w: 0.51034796}
  m_LocalPosition: {x: -0.09308964, y: 0.014325813, z: -0.0070082108}
  m_LocalScale: {x: 0.9999999, y: 1, z: 0.9999999}
  m_LocalEulerAnglesHint: {x: 0, y: 0, z: 0}
  m_Children: []
  m_Father: {fileID: 4000011470609432}
  m_RootOrder: 3
--- !u!4 &4000013271400686
Transform:
  m_ObjectHideFlags: 1
  m_PrefabParentObject: {fileID: 0}
  m_PrefabInternal: {fileID: 100100000}
  m_GameObject: {fileID: 1000012560969968}
  m_LocalRotation: {x: -0.000000028668262, y: -0.060094118, z: -0.0000000014527698,
    w: 0.9981927}
  m_LocalPosition: {x: -0.30788735, y: 0.000000023244848, z: 0.008356584}
  m_LocalScale: {x: 0.9999999, y: 1, z: 0.9999999}
  m_LocalEulerAnglesHint: {x: 0, y: 0, z: 0}
  m_Children:
  - {fileID: 4000012865845796}
  m_Father: {fileID: 4000013157953682}
  m_RootOrder: 0
--- !u!4 &4000013307826356
Transform:
  m_ObjectHideFlags: 1
  m_PrefabParentObject: {fileID: 0}
  m_PrefabInternal: {fileID: 100100000}
  m_GameObject: {fileID: 1000013571578308}
  m_LocalRotation: {x: -0.00065107754, y: -0.0011937066, z: 0.0039369916, w: 0.99999136}
  m_LocalPosition: {x: -0.07913204, y: 0.0000000068917867, z: 0.0000000013038515}
  m_LocalScale: {x: 1.0000001, y: 1, z: 0.9999999}
  m_LocalEulerAnglesHint: {x: 0, y: 0, z: 0}
  m_Children:
  - {fileID: 4000011470609432}
  m_Father: {fileID: 4000012686685534}
  m_RootOrder: 0
--- !u!4 &4000013338189944
Transform:
  m_ObjectHideFlags: 1
  m_PrefabParentObject: {fileID: 0}
  m_PrefabInternal: {fileID: 100100000}
  m_GameObject: {fileID: 1000013897402658}
  m_LocalRotation: {x: 0.00060240406, y: -0.110107176, z: -0.36314702, w: 0.92520285}
  m_LocalPosition: {x: -0.07913203, y: -0.000000040233132, z: -0.00000004842877}
  m_LocalScale: {x: 1.0000002, y: 1.0000001, z: 1}
  m_LocalEulerAnglesHint: {x: 0, y: 0, z: 0}
  m_Children:
  - {fileID: 4000010985366068}
  m_Father: {fileID: 4000010856108350}
  m_RootOrder: 0
--- !u!4 &4000013343269608
Transform:
  m_ObjectHideFlags: 1
  m_PrefabParentObject: {fileID: 0}
  m_PrefabInternal: {fileID: 100100000}
  m_GameObject: {fileID: 1000013898041328}
  m_LocalRotation: {x: 0.0022975984, y: 0.028961701, z: -0.70651346, w: 0.707103}
  m_LocalPosition: {x: -0.04314037, y: 0.039003737, z: -0.0394002}
  m_LocalScale: {x: 0.99999994, y: 1, z: 1}
  m_LocalEulerAnglesHint: {x: 0, y: 0, z: 0}
  m_Children: []
  m_Father: {fileID: 4000010199928718}
  m_RootOrder: 1
--- !u!4 &4000013362695364
Transform:
  m_ObjectHideFlags: 1
  m_PrefabParentObject: {fileID: 0}
  m_PrefabInternal: {fileID: 100100000}
  m_GameObject: {fileID: 1000011872040796}
  m_LocalRotation: {x: 0.0000000051491686, y: 0.06820281, z: 1.173763e-15, w: 0.9976715}
  m_LocalPosition: {x: -0.24841434, y: 0.038421083, z: -0.17646419}
  m_LocalScale: {x: 0.9999998, y: 1, z: 0.9999998}
  m_LocalEulerAnglesHint: {x: 0, y: 0, z: 0}
  m_Children:
  - {fileID: 4000012343244340}
  m_Father: {fileID: 4000012966817298}
  m_RootOrder: 2
--- !u!4 &4000013512526514
Transform:
  m_ObjectHideFlags: 1
  m_PrefabParentObject: {fileID: 0}
  m_PrefabInternal: {fileID: 100100000}
  m_GameObject: {fileID: 1000013549297674}
  m_LocalRotation: {x: 0.00000002669254, y: 0.7071067, z: -0.000000026692536, w: 0.7071068}
  m_LocalPosition: {x: -0.16098431, y: 0.045019276, z: -0.3485892}
  m_LocalScale: {x: 1, y: 1, z: 1}
  m_LocalEulerAnglesHint: {x: 0, y: 0, z: 0}
  m_Children: []
  m_Father: {fileID: 4000012966817298}
  m_RootOrder: 4
--- !u!4 &4000013558291142
Transform:
  m_ObjectHideFlags: 1
  m_PrefabParentObject: {fileID: 0}
  m_PrefabInternal: {fileID: 100100000}
  m_GameObject: {fileID: 1000010206292646}
  m_LocalRotation: {x: 0.0012109248, y: -0.2518525, z: -0.013645786, w: 0.9676687}
  m_LocalPosition: {x: -0.010429898, y: -0.000000001490116, z: 0.0000000013038515}
  m_LocalScale: {x: 1, y: 1, z: 0.99999994}
  m_LocalEulerAnglesHint: {x: 0, y: 0, z: 0}
  m_Children: []
  m_Father: {fileID: 4000014088209770}
  m_RootOrder: 0
--- !u!4 &4000013591460048
Transform:
  m_ObjectHideFlags: 1
  m_PrefabParentObject: {fileID: 0}
  m_PrefabInternal: {fileID: 100100000}
  m_GameObject: {fileID: 1000012467715412}
  m_LocalRotation: {x: 0.48988715, y: 0.51721483, z: -0.4817098, w: 0.51034796}
  m_LocalPosition: {x: -0.07918775, y: -0.0286508, z: -0.016896393}
  m_LocalScale: {x: 0.9999999, y: 1, z: 0.9999999}
  m_LocalEulerAnglesHint: {x: 0, y: 0, z: 0}
  m_Children: []
  m_Father: {fileID: 4000011470609432}
  m_RootOrder: 4
--- !u!4 &4000013648281392
Transform:
  m_ObjectHideFlags: 1
  m_PrefabParentObject: {fileID: 0}
  m_PrefabInternal: {fileID: 100100000}
  m_GameObject: {fileID: 1000010672445612}
  m_LocalRotation: {x: 0.85428876, y: 0.09195995, z: 0.51068693, w: 0.030545663}
  m_LocalPosition: {x: -0.010000274, y: -0.000000010058283, z: -0.000000020489095}
  m_LocalScale: {x: 0.9999999, y: 0.99999994, z: 1.0000001}
  m_LocalEulerAnglesHint: {x: 0, y: 0, z: 0}
  m_Children: []
  m_Father: {fileID: 4000012593783602}
  m_RootOrder: 0
--- !u!4 &4000013732662800
Transform:
  m_ObjectHideFlags: 1
  m_PrefabParentObject: {fileID: 0}
  m_PrefabInternal: {fileID: 100100000}
  m_GameObject: {fileID: 1000013769434160}
  m_LocalRotation: {x: 0.81229854, y: -0.026528113, z: 0.5826112, w: -0.005613897}
  m_LocalPosition: {x: -0.010000273, y: -0.000000005960464, z: -0.00000001490116}
  m_LocalScale: {x: 0.9999998, y: 1, z: 1.0000001}
  m_LocalEulerAnglesHint: {x: 0, y: 0, z: 0}
  m_Children: []
  m_Father: {fileID: 4000011299805000}
  m_RootOrder: 0
--- !u!4 &4000013755377506
Transform:
  m_ObjectHideFlags: 1
  m_PrefabParentObject: {fileID: 0}
  m_PrefabInternal: {fileID: 100100000}
  m_GameObject: {fileID: 1000011100133044}
  m_LocalRotation: {x: 0, y: -0, z: -0, w: 1}
  m_LocalPosition: {x: -0, y: 0, z: 0}
  m_LocalScale: {x: 1, y: 1, z: 1}
  m_LocalEulerAnglesHint: {x: 0, y: 0, z: 0}
  m_Children: []
  m_Father: {fileID: 4000014111066398}
  m_RootOrder: 1
--- !u!4 &4000014088209770
Transform:
  m_ObjectHideFlags: 1
  m_PrefabParentObject: {fileID: 0}
  m_PrefabInternal: {fileID: 100100000}
  m_GameObject: {fileID: 1000011609044688}
  m_LocalRotation: {x: 0.008221253, y: -0.5634665, z: -0.02502476, w: 0.8257189}
  m_LocalPosition: {x: -0.017003473, y: 3.7252898e-10, z: 0.0000000091269605}
  m_LocalScale: {x: 1, y: 1, z: 0.99999994}
  m_LocalEulerAnglesHint: {x: 0, y: 0, z: 0}
  m_Children:
  - {fileID: 4000013558291142}
  m_Father: {fileID: 4000010306532380}
  m_RootOrder: 0
--- !u!4 &4000014089416158
Transform:
  m_ObjectHideFlags: 1
  m_PrefabParentObject: {fileID: 0}
  m_PrefabInternal: {fileID: 100100000}
  m_GameObject: {fileID: 1000013074811202}
  m_LocalRotation: {x: 0.018628316, y: -0.067909874, z: 0.09993015, w: 0.9924995}
  m_LocalPosition: {x: -0.063620925, y: 0.0000000018255376, z: 0.0000000026589986}
  m_LocalScale: {x: 1, y: 0.9999999, z: 0.9999999}
  m_LocalEulerAnglesHint: {x: 0, y: 0, z: 0}
  m_Children: []
  m_Father: {fileID: 4000012675113660}
  m_RootOrder: 0
--- !u!4 &4000014111066398
Transform:
  m_ObjectHideFlags: 1
  m_PrefabParentObject: {fileID: 0}
  m_PrefabInternal: {fileID: 100100000}
  m_GameObject: {fileID: 1000014103169148}
  m_LocalRotation: {x: -0, y: -0.7071068, z: -0, w: 0.7071068}
  m_LocalPosition: {x: 1.681061, y: -1.1552558, z: 17.110682}
  m_LocalScale: {x: 5, y: 5, z: 5}
  m_LocalEulerAnglesHint: {x: 0, y: 90, z: 0}
  m_Children:
  - {fileID: 4000014285192746}
  - {fileID: 4000013755377506}
  m_Father: {fileID: 0}
  m_RootOrder: 0
--- !u!4 &4000014153716146
Transform:
  m_ObjectHideFlags: 1
  m_PrefabParentObject: {fileID: 0}
  m_PrefabInternal: {fileID: 100100000}
  m_GameObject: {fileID: 1000011689133254}
  m_LocalRotation: {x: 0.0000000365853, y: -0.0000000042244652, z: 0.49570876, w: 0.86848885}
  m_LocalPosition: {x: -0.2270166, y: -0.09017372, z: -0.007120157}
  m_LocalScale: {x: 1, y: 1, z: 0.99999994}
  m_LocalEulerAnglesHint: {x: 0, y: 0, z: 0}
  m_Children: []
  m_Father: {fileID: 4000013157953682}
  m_RootOrder: 2
--- !u!4 &4000014285192746
Transform:
  m_ObjectHideFlags: 1
  m_PrefabParentObject: {fileID: 0}
  m_PrefabInternal: {fileID: 100100000}
  m_GameObject: {fileID: 1000013604197364}
  m_LocalRotation: {x: -0.7071068, y: 0, z: -0, w: 0.7071068}
  m_LocalPosition: {x: -0, y: 0, z: 0}
  m_LocalScale: {x: 1, y: 1, z: 1}
  m_LocalEulerAnglesHint: {x: 0, y: 0, z: 0}
  m_Children:
  - {fileID: 4000012966817298}
  m_Father: {fileID: 4000014111066398}
  m_RootOrder: 0
--- !u!54 &54000014167824600
Rigidbody:
  m_ObjectHideFlags: 1
  m_PrefabParentObject: {fileID: 0}
  m_PrefabInternal: {fileID: 100100000}
  m_GameObject: {fileID: 1000014103169148}
  serializedVersion: 2
  m_Mass: 3
  m_Drag: 0
  m_AngularDrag: 0.05
  m_UseGravity: 1
  m_IsKinematic: 0
  m_Interpolate: 0
  m_Constraints: 0
  m_CollisionDetection: 0
--- !u!95 &95000013598594810
Animator:
  serializedVersion: 3
  m_ObjectHideFlags: 1
  m_PrefabParentObject: {fileID: 0}
  m_PrefabInternal: {fileID: 100100000}
  m_GameObject: {fileID: 1000014103169148}
  m_Enabled: 1
  m_Avatar: {fileID: 9000000, guid: 4f7c6eef3191e5e44a9c65a5b85430cc, type: 3}
  m_Controller: {fileID: 9100000, guid: 6fa738caf43055e45bb18f1ac2adab0a, type: 2}
  m_CullingMode: 1
  m_UpdateMode: 0
  m_ApplyRootMotion: 0
  m_LinearVelocityBlending: 0
  m_WarningMessage: 
  m_HasTransformHierarchy: 1
  m_AllowConstantClipSamplingOptimization: 1
--- !u!114 &114000014230718844
MonoBehaviour:
  m_ObjectHideFlags: 1
  m_PrefabParentObject: {fileID: 0}
  m_PrefabInternal: {fileID: 100100000}
  m_GameObject: {fileID: 1000014103169148}
  m_Enabled: 1
  m_EditorHideFlags: 0
  m_Script: {fileID: 11500000, guid: dd248514b1661c441b081b99592c2e9d, type: 3}
  m_Name: 
  m_EditorClassIdentifier: 
  agent: {fileID: 195000011060116668}
  target: {fileID: 0}
--- !u!137 &137000014096260822
SkinnedMeshRenderer:
  m_ObjectHideFlags: 1
  m_PrefabParentObject: {fileID: 0}
  m_PrefabInternal: {fileID: 100100000}
  m_GameObject: {fileID: 1000011100133044}
  m_Enabled: 1
  m_CastShadows: 1
  m_ReceiveShadows: 1
  m_MotionVectors: 1
  m_LightProbeUsage: 1
  m_ReflectionProbeUsage: 1
  m_Materials:
  - {fileID: 2100000, guid: 786fb825b18bab44582de7fcacb6389b, type: 2}
  m_SubsetIndices: 
  m_StaticBatchRoot: {fileID: 0}
  m_ProbeAnchor: {fileID: 0}
  m_LightProbeVolumeOverride: {fileID: 0}
  m_ScaleInLightmap: 1
  m_PreserveUVs: 0
  m_IgnoreNormalsForChartDetection: 0
  m_ImportantGI: 0
  m_SelectedWireframeHidden: 0
  m_MinimumChartSize: 4
  m_AutoUVMaxDistance: 0.5
  m_AutoUVMaxAngle: 89
  m_LightmapParameters: {fileID: 0}
  m_SortingLayerID: 0
  m_SortingOrder: 0
  serializedVersion: 2
  m_Quality: 0
  m_UpdateWhenOffscreen: 0
  m_SkinnedMotionVectors: 1
  m_Mesh: {fileID: 4300000, guid: 4f7c6eef3191e5e44a9c65a5b85430cc, type: 3}
  m_Bones:
  - {fileID: 4000012966817298}
  - {fileID: 4000013362695364}
  - {fileID: 4000012343244340}
  - {fileID: 4000010352408922}
  - {fileID: 4000012860536074}
  - {fileID: 4000013157953682}
  - {fileID: 4000013271400686}
  - {fileID: 4000012865845796}
  - {fileID: 4000012675113660}
  - {fileID: 4000014089416158}
  - {fileID: 4000012233060942}
  - {fileID: 4000012686685534}
  - {fileID: 4000013307826356}
  - {fileID: 4000011470609432}
  - {fileID: 4000011991136022}
  - {fileID: 4000012526679306}
  - {fileID: 4000013052651148}
  - {fileID: 4000011264244176}
  - {fileID: 4000011673895528}
  - {fileID: 4000012269982722}
  - {fileID: 4000012798266708}
  - {fileID: 4000011299805000}
  - {fileID: 4000013732662800}
  - {fileID: 4000013211788330}
  - {fileID: 4000013591460048}
  - {fileID: 4000013047208544}
  - {fileID: 4000010595660628}
  - {fileID: 4000010199928718}
  - {fileID: 4000010856108350}
  - {fileID: 4000013338189944}
  - {fileID: 4000010985366068}
  - {fileID: 4000010306532380}
  - {fileID: 4000014088209770}
  - {fileID: 4000013558291142}
  - {fileID: 4000011576324336}
  - {fileID: 4000010939752660}
  - {fileID: 4000012911970018}
  - {fileID: 4000012433258166}
  - {fileID: 4000012828723500}
  - {fileID: 4000011889086478}
  - {fileID: 4000012593783602}
  - {fileID: 4000013648281392}
  - {fileID: 4000010723218844}
  - {fileID: 4000013343269608}
  - {fileID: 4000011359017796}
  - {fileID: 4000010233968982}
  - {fileID: 4000010703119210}
  - {fileID: 4000011584746228}
  - {fileID: 4000012137981964}
  - {fileID: 4000010478630822}
  - {fileID: 4000010555563706}
  - {fileID: 4000010428043728}
  - {fileID: 4000012347123268}
  - {fileID: 4000014153716146}
  - {fileID: 4000012535168772}
  - {fileID: 4000013028484568}
  - {fileID: 4000011227145974}
  - {fileID: 4000010301854160}
  - {fileID: 4000013512526514}
  m_BlendShapeWeights: []
  m_RootBone: {fileID: 4000012966817298}
  m_AABB:
    m_Center: {x: -0.0137387365, y: 0.002369076, z: -0.20198567}
    m_Extent: {x: 0.29409224, y: 0.31189063, z: 0.22595052}
  m_DirtyAABB: 0
--- !u!195 &195000011060116668
NavMeshAgent:
  m_ObjectHideFlags: 1
  m_PrefabParentObject: {fileID: 0}
  m_PrefabInternal: {fileID: 100100000}
  m_GameObject: {fileID: 1000014103169148}
  m_Enabled: 1
  m_Radius: 0.5
  m_Speed: 3.5
  m_Acceleration: 8
  avoidancePriority: 50
  m_AngularSpeed: 120
  m_StoppingDistance: 0
  m_AutoTraverseOffMeshLink: 1
  m_AutoBraking: 1
  m_AutoRepath: 1
  m_Height: 2
  m_BaseOffset: 0
  m_WalkableMask: 4294967295
  m_ObstacleAvoidanceType: 4
